<?xml version="1.0" encoding="UTF-8"?>
<!DOCTYPE html PUBLIC "-//W3C//DTD XHTML 1.0 Transitional//EN"
    "http://www.w3.org/TR/xhtml1/DTD/xhtml1-transitional.dtd">
<html xmlns="http://www.w3.org/1999/xhtml" xml:lang="en" lang="en">
 <head>
  <title>
</title>
<meta http-equiv="Content-Type" content="text/html;charset=utf-8" />
  <meta name='ocr-system' content='tesseract 3.04.00' />
  <meta name='ocr-capabilities' content='ocr_page ocr_carea ocr_par ocr_line ocrx_word'/>
</head>
<body>
  <div class='ocr_page' id='page_1' title='image "./deammianimarcel00malogoog_0023.png"; bbox 0 0 3360 5446; ppageno 0'>
   <div class='ocr_carea' id='block_1_1' title="bbox 704 519 883 579">
    <p class='ocr_par' dir='ltr' id='par_1_1' title="bbox 704 519 883 579">
     <span class='ocr_line' id='line_1_1' title="bbox 704 519 883 579; baseline 0 -17"><span class='ocrx_word' id='word_1_1' title='bbox 704 519 883 579; x_wconf 64' lang='grc'><strong>,2-</strong></span> 
     </span>
    </p>
   </div>
   <div class='ocr_carea' id='block_1_2' title="bbox 173 665 1379 4233">
    <p class='ocr_par' dir='ltr' id='par_1_2' title="bbox 173 665 1379 1462">
     <span class='ocr_line' id='line_1_2' title="bbox 204 665 1374 761; baseline 0.004 -28"><span class='ocrx_word' id='word_1_2' title='bbox 204 670 370 755; x_wconf 88' lang='lat' dir='ltr'><strong>narravit,</strong></span> <span class='ocrx_word' id='word_1_3' title='bbox 408 694 449 740; x_wconf 91' lang='lat' dir='ltr'><strong>ea</strong></span> <span class='ocrx_word' id='word_1_4' title='bbox 480 675 572 742; x_wconf 93' lang='lat' dir='ltr'><strong>velut</strong></span> <span class='ocrx_word' id='word_1_5' title='bbox 608 677 765 746; x_wconf 75' lang='lat' dir='ltr'><strong>Graecum</strong></span> <span class='ocrx_word' id='word_1_6' title='bbox 795 700 831 744; x_wconf 90' lang='lat' dir='ltr'><strong>se</strong></span> <span class='ocrx_word' id='word_1_7' title='bbox 847 665 848 668; x_wconf 26' lang='lat'>¹</span> <span class='ocrx_word' id='word_1_8' title='bbox 867 696 1025 744; x_wconf 86' lang='lat' dir='ltr'><strong>narrasse</strong></span> <span class='ocrx_word' id='word_1_9' title='bbox 1060 672 1133 761; x_wconf 90' lang='lat' dir='ltr'><strong>ipse</strong></span> <span class='ocrx_word' id='word_1_10' title='bbox 1167 669 1331 761; x_wconf 86' lang='lat' dir='ltr'><strong>praedicat</strong></span> <span class='ocrx_word' id='word_1_11' title='bbox 1366 693 1374 738; x_wconf 91' lang='lat'><strong>:</strong></span> 
     </span>
     <span class='ocr_line' id='line_1_3' title="bbox 173 781 1378 881; baseline 0.001 -29"><span class='ocrx_word' id='word_1_12' title='bbox 173 781 178 799; x_wconf 87' lang='lat'><em>&#39;</em></span> <span class='ocrx_word' id='word_1_13' title='bbox 208 809 224 845; x_wconf 93' lang='lat'>«</span> <span class='ocrx_word' id='word_1_14' title='bbox 247 784 342 866; x_wconf 85' lang='lat' dir='ltr'><strong>Haec,</strong></span> <span class='ocrx_word' id='word_1_15' title='bbox 367 795 404 854; x_wconf 92' lang='lat' dir='ltr'><strong>nt</strong></span> <span class='ocrx_word' id='word_1_16' title='bbox 427 788 528 857; x_wconf 91' lang='lat' dir='ltr'><strong>miles</strong></span> <span class='ocrx_word' id='word_1_17' title='bbox 552 791 724 881; x_wconf 91' lang='lat' dir='ltr'><strong>quondam</strong></span> <span class='ocrx_word' id='word_1_18' title='bbox 751 788 1110 880; x_wconf 65' lang='lat' dir='ltr'><strong>cedrenus-inquit,</strong></span> <span class='ocrx_word' id='word_1_19' title='bbox 1138 809 1158 854; x_wconf 88' lang='lat' dir='ltr'><strong>e</strong></span> <span class='ocrx_word' id='word_1_20' title='bbox 1183 784 1378 877; x_wconf 86' lang='lat' dir='ltr'><strong>principatu</strong></span> 
     </span>
     <span class='ocr_line' id='line_1_4' title="bbox 206 898 1379 1000; baseline 0.004 -34"><span class='ocrx_word' id='word_1_21' title='bbox 206 898 351 969; x_wconf 75' lang='lat' dir='ltr'><strong>Caesaris</strong></span> <span class='ocrx_word' id='word_1_22' title='bbox 361 904 483 975; x_wconf 86' lang='lat' dir='ltr'><strong>Nervae</strong></span> <span class='ocrx_word' id='word_1_23' title='bbox 496 929 638 977; x_wconf 89' lang='lat' dir='ltr'><strong>exorsus</strong></span> <span class='ocrx_word' id='word_1_24' title='bbox 652 908 694 977; x_wconf 88' lang='lat' dir='ltr'><strong>ad</strong></span> <span class='ocrx_word' id='word_1_25' title='bbox 707 931 815 1000; x_wconf 86' lang='lat' dir='ltr'><strong>usque</strong></span> <span class='ocrx_word' id='word_1_26' title='bbox 823 907 977 978; x_wconf 85' lang='lat' dir='ltr'><strong>Valentis</strong></span> <span class='ocrx_word' id='word_1_27' title='bbox 991 904 1170 973; x_wconf 89' lang='lat' dir='ltr'><strong>interitum</strong></span> <span class='ocrx_word' id='word_1_28' title='bbox 1180 924 1241 992; x_wconf 91' lang='lat' dir='ltr'><strong>pro</strong></span> <span class='ocrx_word' id='word_1_29' title='bbox 1253 901 1379 971; x_wconf 90' lang='lat' dir='ltr'><strong>virium</strong></span> 
     </span>
     <span class='ocr_line' id='line_1_5' title="bbox 206 1016 1378 1117; baseline 0.003 -37"><span class='ocrx_word' id='word_1_30' title='bbox 206 1016 373 1105; x_wconf 80' lang='lat' dir='ltr'><strong>explicavi</strong></span> <span class='ocrx_word' id='word_1_31' title='bbox 384 1037 576 1092; x_wconf 88' lang='lat' dir='ltr'><strong>mensura¹.</strong></span> <span class='ocrx_word' id='word_1_32' title='bbox 590 1051 605 1086; x_wconf 67' lang='lat' dir='ltr'><strong>&gt;a</strong></span> <span class='ocrx_word' id='word_1_33' title='bbox 616 1024 668 1092; x_wconf 85' lang='lat' dir='ltr'><strong>Ex</strong></span> <span class='ocrx_word' id='word_1_34' title='bbox 679 1048 746 1117; x_wconf 89' lang='lat' dir='ltr'><strong>quo</strong></span> <span class='ocrx_word' id='word_1_35' title='bbox 762 1024 836 1093; x_wconf 89' lang='lat' dir='ltr'><strong>fieri</strong></span> <span class='ocrx_word' id='word_1_36' title='bbox 847 1023 974 1113; x_wconf 89' lang='lat' dir='ltr'><strong>potuit,</strong></span> <span class='ocrx_word' id='word_1_37' title='bbox 987 1030 1024 1089; x_wconf 92' lang='lat' dir='ltr'><strong>nt</strong></span> <span class='ocrx_word' id='word_1_38' title='bbox 1033 1021 1170 1112; x_wconf 87' lang='lat' dir='ltr'><strong>Noster,</strong></span> <span class='ocrx_word' id='word_1_39' title='bbox 1183 1039 1378 1108; x_wconf 82' lang='lat' dir='ltr'>quanquam</span> 
     </span>
     <span class='ocr_line' id='line_1_6' title="bbox 206 1130 1378 1222; baseline 0.003 -25"><span class='ocrx_word' id='word_1_40' title='bbox 206 1130 247 1197; x_wconf 89' lang='lat' dir='ltr'><strong>de</strong></span> <span class='ocrx_word' id='word_1_41' title='bbox 265 1134 471 1222; x_wconf 89' lang='lat' dir='ltr'><strong>quibusdam</strong></span> <span class='ocrx_word' id='word_1_42' title='bbox 486 1140 684 1210; x_wconf 91' lang='lat' dir='ltr'><strong>auctoribus</strong></span> <span class='ocrx_word' id='word_1_43' title='bbox 697 1141 843 1217; x_wconf 67' lang='lat' dir='ltr'><strong>fortasse</strong></span> <span class='ocrx_word' id='word_1_44' title='bbox 860 1139 948 1207; x_wconf 91' lang='lat' dir='ltr'><strong>nihil</strong></span> <span class='ocrx_word' id='word_1_45' title='bbox 962 1137 1029 1205; x_wconf 92' lang='lat' dir='ltr'><strong>nisi</strong></span> <span class='ocrx_word' id='word_1_46' title='bbox 1047 1134 1189 1203; x_wconf 89' lang='lat' dir='ltr'><strong>nomina</strong></span> <span class='ocrx_word' id='word_1_47' title='bbox 1203 1143 1378 1222; x_wconf 87' lang='lat' dir='ltr'><strong>comperta</strong></span> 
     </span>
     <span class='ocr_line' id='line_1_7' title="bbox 206 1245 1375 1335; baseline 0.003 -23"><span class='ocrx_word' id='word_1_48' title='bbox 206 1245 336 1331; x_wconf 89' lang='lat' dir='ltr'><strong>habuit,</strong></span> <span class='ocrx_word' id='word_1_49' title='bbox 354 1252 523 1322; x_wconf 84' lang='lat' dir='ltr'><strong>tamenab</strong></span> <span class='ocrx_word' id='word_1_50' title='bbox 538 1254 612 1323; x_wconf 89' lang='lat' dir='ltr'><strong>aliis</strong></span> <span class='ocrx_word' id='word_1_51' title='bbox 627 1255 794 1324; x_wconf 89' lang='lat' dir='ltr'><strong>nonnulla</strong></span> <span class='ocrx_word' id='word_1_52' title='bbox 810 1261 1014 1335; x_wconf 80' lang='lat' dir='ltr'><strong>assumeret,</strong></span> <span class='ocrx_word' id='word_1_53' title='bbox 1032 1251 1075 1320; x_wconf 92' lang='lat' dir='ltr'><strong>ad</strong></span> <span class='ocrx_word' id='word_1_54' title='bbox 1091 1251 1154 1318; x_wconf 90' lang='lat' dir='ltr'><strong>hos</strong></span> <span class='ocrx_word' id='word_1_55' title='bbox 1170 1250 1265 1317; x_wconf 91' lang='lat' dir='ltr'><strong>locos</strong></span> <span class='ocrx_word' id='word_1_56' title='bbox 1280 1269 1375 1318; x_wconf 89' lang='lat' dir='ltr'><strong>com·</strong></span> 
     </span>
     <span class='ocr_line' id='line_1_8' title="bbox 205 1364 1085 1462; baseline 0.003 -31"><span class='ocrx_word' id='word_1_57' title='bbox 205 1364 382 1452; x_wconf 90' lang='lat' dir='ltr'><strong>ponendos</strong></span> <span class='ocrx_word' id='word_1_58' title='bbox 398 1367 457 1436; x_wconf 92' lang='lat' dir='ltr'><strong>ubi</strong></span> <span class='ocrx_word' id='word_1_59' title='bbox 474 1370 514 1439; x_wconf 89' lang='lat' dir='ltr'><strong>de</strong></span> <span class='ocrx_word' id='word_1_60' title='bbox 530 1370 682 1439; x_wconf 86' lang='lat' dir='ltr'><strong>externis</strong></span> <span class='ocrx_word' id='word_1_61' title='bbox 697 1370 860 1462; x_wconf 90' lang='lat' dir='ltr'><strong>gentibus</strong></span> <span class='ocrx_word' id='word_1_62' title='bbox 874 1367 978 1436; x_wconf 91' lang='lat' dir='ltr'><strong>verba</strong></span> <span class='ocrx_word' id='word_1_63' title='bbox 995 1367 1085 1435; x_wconf 89' lang='lat' dir='ltr'><strong>fecit.</strong></span> 
     </span>
    </p>

    <p class='ocr_par' dir='ltr' id='par_1_3' title="bbox 204 1481 1374 2505">
     <span class='ocr_line' id='line_1_9' title="bbox 249 1481 1373 1578; baseline 0.004 -31"><span class='ocrx_word' id='word_1_64' title='bbox 249 1481 380 1551; x_wconf 89' lang='lat' dir='ltr'><strong>Eodem</strong></span> <span class='ocrx_word' id='word_1_65' title='bbox 396 1485 511 1567; x_wconf 90' lang='lat' dir='ltr'><strong>modo,</strong></span> <span class='ocrx_word' id='word_1_66' title='bbox 529 1487 652 1577; x_wconf 89' lang='lat' dir='ltr'><strong>cuique</strong></span> <span class='ocrx_word' id='word_1_67' title='bbox 675 1489 750 1578; x_wconf 91' lang='lat' dir='ltr'><strong>ejus</strong></span> <span class='ocrx_word' id='word_1_68' title='bbox 770 1508 857 1577; x_wconf 93' lang='lat' dir='ltr'><strong>opus</strong></span> <span class='ocrx_word' id='word_1_69' title='bbox 877 1482 1060 1564; x_wconf 78' lang='lat' dir='ltr'>evolventi,</span> <span class='ocrx_word' id='word_1_70' title='bbox 1079 1484 1189 1573; x_wconf 90' lang='lat' dir='ltr'><strong>primo</strong></span> <span class='ocrx_word' id='word_1_71' title='bbox 1206 1481 1305 1573; x_wconf 84' lang='lat' dir='ltr'>quasi</span> <span class='ocrx_word' id='word_1_72' title='bbox 1318 1504 1373 1551; x_wconf 90' lang='lat' dir='ltr'><strong>as-</strong></span> 
     </span>
     <span class='ocr_line' id='line_1_10' title="bbox 205 1598 1373 1688; baseline 0.001 -24"><span class='ocrx_word' id='word_1_73' title='bbox 205 1609 318 1685; x_wconf 87' lang='lat' dir='ltr'><strong>pectu,</strong></span> <span class='ocrx_word' id='word_1_74' title='bbox 341 1600 563 1669; x_wconf 90' lang='lat' dir='ltr'><strong>Ammiannm</strong></span> <span class='ocrx_word' id='word_1_75' title='bbox 584 1602 620 1671; x_wconf 92' lang='lat' dir='ltr'><strong>in</strong></span> <span class='ocrx_word' id='word_1_76' title='bbox 643 1602 760 1670; x_wconf 91' lang='lat' dir='ltr'><strong>latinis</strong></span> <span class='ocrx_word' id='word_1_77' title='bbox 780 1602 903 1669; x_wconf 89' lang='lat' dir='ltr'><strong>litteris</strong></span> <span class='ocrx_word' id='word_1_78' title='bbox 923 1605 1100 1669; x_wconf 88' lang='lat' dir='ltr'><strong>versatum</strong></span> <span class='ocrx_word' id='word_1_79' title='bbox 1124 1598 1373 1688; x_wconf 77' lang='lat' dir='ltr'><strong>praeclarosque</strong></span> 
     </span>
     <span class='ocr_line' id='line_1_11' title="bbox 204 1716 1373 1806; baseline 0 -25"><span class='ocrx_word' id='word_1_80' title='bbox 204 1716 386 1806; x_wconf 78' lang='lat' dir='ltr'><strong>scriptores</strong></span> <span class='ocrx_word' id='word_1_81' title='bbox 402 1720 542 1788; x_wconf 89' lang='lat' dir='ltr'><strong>novisse</strong></span> <span class='ocrx_word' id='word_1_82' title='bbox 559 1720 622 1788; x_wconf 87' lang='lat' dir='ltr'><strong>erit</strong></span> <span class='ocrx_word' id='word_1_83' title='bbox 637 1719 868 1788; x_wconf 87' lang='lat' dir='ltr'><strong>manifestum.</strong></span> <span class='ocrx_word' id='word_1_84' title='bbox 887 1718 985 1800; x_wconf 84' lang='lat' dir='ltr'><strong>Quod</strong></span> <span class='ocrx_word' id='word_1_85' title='bbox 998 1716 1198 1797; x_wconf 86' lang='lat' dir='ltr'><strong>affirmatur,</strong></span> <span class='ocrx_word' id='word_1_86' title='bbox 1212 1736 1281 1782; x_wconf 92' lang='lat' dir='ltr'><strong>non</strong></span> <span class='ocrx_word' id='word_1_87' title='bbox 1297 1723 1373 1781; x_wconf 92' lang='lat' dir='ltr'><strong>tan·</strong></span> 
     </span>
     <span class='ocr_line' id='line_1_12' title="bbox 205 1829 1374 1928; baseline -0.001 -31"><span class='ocrx_word' id='word_1_88' title='bbox 205 1840 278 1899; x_wconf 90' lang='lat' dir='ltr'><strong>tum</strong></span> <span class='ocrx_word' id='word_1_89' title='bbox 292 1834 384 1902; x_wconf 91' lang='lat' dir='ltr'><strong>haud</strong></span> <span class='ocrx_word' id='word_1_90' title='bbox 398 1834 517 1925; x_wconf 77' lang='lat' dir='ltr'><strong>paucis</strong></span> <span class='ocrx_word' id='word_1_91' title='bbox 530 1846 708 1928; x_wconf 87' lang='lat' dir='ltr'><strong>poetarum</strong></span> <span class='ocrx_word' id='word_1_92' title='bbox 721 1834 875 1904; x_wconf 89' lang='lat' dir='ltr'><strong>flosculis</strong></span> <span class='ocrx_word' id='word_1_93' title='bbox 891 1832 1016 1924; x_wconf 89' lang='lat' dir='ltr'><strong>quibus</strong></span> <span class='ocrx_word' id='word_1_94' title='bbox 1030 1829 1264 1899; x_wconf 77' lang='lat' dir='ltr'><strong>narrationem</strong></span> <span class='ocrx_word' id='word_1_95' title='bbox 1275 1851 1374 1897; x_wconf 88' lang='lat' dir='ltr'><strong>exor-</strong></span> 
     </span>
     <span class='ocr_line' id='line_1_13' title="bbox 204 1943 1373 2037; baseline -0.004 -23"><span class='ocrx_word' id='word_1_96' title='bbox 204 1957 264 2015; x_wconf 86' lang='lat' dir='ltr'><strong>nat</strong></span> <span class='ocrx_word' id='word_1_97' title='bbox 276 1971 385 2032; x_wconf 87' lang='lat' dir='ltr'><strong>suam,</strong></span> <span class='ocrx_word' id='word_1_98' title='bbox 396 1952 452 2018; x_wconf 93' lang='lat' dir='ltr'><strong>sed</strong></span> <span class='ocrx_word' id='word_1_99' title='bbox 466 1953 568 2020; x_wconf 93' lang='lat' dir='ltr'><strong>etiam</strong></span> <span class='ocrx_word' id='word_1_100' title='bbox 579 1953 697 2020; x_wconf 91' lang='lat' dir='ltr'><strong>multis</strong></span> <span class='ocrx_word' id='word_1_101' title='bbox 709 1950 824 2020; x_wconf 88' lang='lat' dir='ltr'><strong>verbis</strong></span> <span class='ocrx_word' id='word_1_102' title='bbox 836 1960 869 2020; x_wconf 90' lang='lat' dir='ltr'><strong>et</strong></span> <span class='ocrx_word' id='word_1_103' title='bbox 881 1948 1061 2019; x_wconf 81' lang='lat' dir='ltr'><strong>sententiis</strong></span> <span class='ocrx_word' id='word_1_104' title='bbox 1072 1969 1148 2037; x_wconf 87' lang='lat' dir='ltr'><strong>quae</strong></span> <span class='ocrx_word' id='word_1_105' title='bbox 1159 1943 1373 2035; x_wconf 89' lang='lat' dir='ltr'><strong>reliquorum</strong></span> 
     </span>
     <span class='ocr_line' id='line_1_14' title="bbox 205 2058 1372 2152; baseline -0.008 -20"><span class='ocrx_word' id='word_1_106' title='bbox 205 2076 396 2152; x_wconf 88' lang='lat' dir='ltr'><strong>auctorum,</strong></span> <span class='ocrx_word' id='word_1_107' title='bbox 429 2067 580 2152; x_wconf 81' lang='lat' dir='ltr'><strong>Catonis,</strong></span> <span class='ocrx_word' id='word_1_108' title='bbox 615 2067 783 2149; x_wconf 86' lang='lat' dir='ltr'><strong>Sallustii,</strong></span> <span class='ocrx_word' id='word_1_109' title='bbox 820 2066 924 2150; x_wconf 86' lang='lat' dir='ltr'><strong>Livii,</strong></span> <span class='ocrx_word' id='word_1_110' title='bbox 956 2061 1144 2144; x_wconf 78' lang='lat' dir='ltr'><strong>Ciceronis,</strong></span> <span class='ocrx_word' id='word_1_111' title='bbox 1175 2058 1296 2141; x_wconf 90' lang='lat' dir='ltr'><strong>Taciti,</strong></span> <span class='ocrx_word' id='word_1_112' title='bbox 1329 2058 1372 2124; x_wconf 85' lang='lat' dir='ltr'><strong>A.</strong></span> 
     </span>
     <span class='ocr_line' id='line_1_15' title="bbox 206 2172 1374 2274; baseline -0.009 -25"><span class='ocrx_word' id='word_1_113' title='bbox 206 2181 306 2249; x_wconf 91' lang='lat' dir='ltr'><strong>Gellii</strong></span> <span class='ocrx_word' id='word_1_114' title='bbox 329 2183 476 2251; x_wconf 91' lang='lat' dir='ltr'><strong>lectione</strong></span> <span class='ocrx_word' id='word_1_115' title='bbox 493 2184 609 2252; x_wconf 85' lang='lat' dir='ltr'><strong>didicit</strong></span> <span class='ocrx_word' id='word_1_116' title='bbox 633 2183 788 2274; x_wconf 90' lang='lat' dir='ltr'><strong>libroque</strong></span> <span class='ocrx_word' id='word_1_117' title='bbox 809 2206 871 2251; x_wconf 91' lang='lat' dir='ltr'><strong>suo</strong></span> <span class='ocrx_word' id='word_1_118' title='bbox 887 2179 1060 2249; x_wconf 67' lang='lat' dir='ltr'><strong>inseruit‘.</strong></span> <span class='ocrx_word' id='word_1_119' title='bbox 1080 2177 1211 2261; x_wconf 83' lang='lat' dir='ltr'><strong>Quibus</strong></span> <span class='ocrx_word' id='word_1_120' title='bbox 1227 2172 1374 2264; x_wconf 93' lang='lat' dir='ltr'><strong>impelli-</strong></span> 
     </span>
     <span class='ocr_line' id='line_1_16' title="bbox 205 2288 1374 2392; baseline -0.008 -29"><span class='ocrx_word' id='word_1_121' title='bbox 205 2319 282 2364; x_wconf 89' lang='lat' dir='ltr'><strong>mur</strong></span> <span class='ocrx_word' id='word_1_122' title='bbox 293 2309 329 2364; x_wconf 94' lang='lat' dir='ltr'><strong>ut</strong></span> <span class='ocrx_word' id='word_1_123' title='bbox 345 2298 559 2391; x_wconf 90' lang='lat' dir='ltr'><strong>suspicemur</strong></span> <span class='ocrx_word' id='word_1_124' title='bbox 573 2298 672 2367; x_wconf 92' lang='lat' dir='ltr'><strong>illum</strong></span> <span class='ocrx_word' id='word_1_125' title='bbox 688 2322 729 2367; x_wconf 87' lang='lat' dir='ltr'><strong>ex</strong></span> <span class='ocrx_word' id='word_1_126' title='bbox 741 2321 861 2392; x_wconf 89' lang='lat' dir='ltr'><strong>eorum</strong></span> <span class='ocrx_word' id='word_1_127' title='bbox 874 2296 1079 2386; x_wconf 91' lang='lat' dir='ltr'><strong>scriptorum</strong></span> <span class='ocrx_word' id='word_1_128' title='bbox 1092 2288 1269 2360; x_wconf 91' lang='lat' dir='ltr'><strong>nonnullis</strong></span> <span class='ocrx_word' id='word_1_129' title='bbox 1279 2311 1374 2379; x_wconf 86' lang='lat' dir='ltr'><strong>quae·</strong></span> 
     </span>
     <span class='ocr_line' id='line_1_17' title="bbox 205 2404 1370 2505; baseline -0.008 -25"><span class='ocrx_word' id='word_1_130' title='bbox 205 2411 283 2481; x_wconf 91' lang='lat' dir='ltr'><strong>dam</strong></span> <span class='ocrx_word' id='word_1_131' title='bbox 294 2415 433 2503; x_wconf 90' lang='lat' dir='ltr'><strong>petiisse</strong></span> <span class='ocrx_word' id='word_1_132' title='bbox 445 2416 480 2482; x_wconf 90' lang='lat' dir='ltr'><strong>in</strong></span> <span class='ocrx_word' id='word_1_133' title='bbox 496 2414 550 2482; x_wconf 91' lang='lat' dir='ltr'><strong>his</strong></span> <span class='ocrx_word' id='word_1_134' title='bbox 566 2414 839 2505; x_wconf 91' lang='lat' dir='ltr'><strong>digressionibus</strong></span> <span class='ocrx_word' id='word_1_135' title='bbox 849 2435 925 2505; x_wconf 84' lang='lat' dir='ltr'><strong>quae</strong></span> <span class='ocrx_word' id='word_1_136' title='bbox 940 2410 1040 2479; x_wconf 89' lang='lat' dir='ltr'><strong>nobis</strong></span> <span class='ocrx_word' id='word_1_137' title='bbox 1056 2404 1268 2476; x_wconf 79' lang='lat' dir='ltr'><strong>illustrandae</strong></span> <span class='ocrx_word' id='word_1_138' title='bbox 1280 2413 1370 2472; x_wconf 92' lang='lat' dir='ltr'><strong>sunt.</strong></span> 
     </span>
    </p>

    <p class='ocr_par' dir='ltr' id='par_1_4' title="bbox 202 2519 1375 4233">
     <span class='ocr_line' id='line_1_18' title="bbox 248 2519 1373 2621; baseline -0.008 -26"><span class='ocrx_word' id='word_1_139' title='bbox 248 2529 464 2596; x_wconf 86' lang='lat' dir='ltr'><strong>Postremum</strong></span> <span class='ocrx_word' id='word_1_140' title='bbox 490 2529 589 2598; x_wconf 90' lang='lat' dir='ltr'><strong>nobis</strong></span> <span class='ocrx_word' id='word_1_141' title='bbox 611 2529 834 2621; x_wconf 72' lang='lat' dir='ltr'><strong>quaerendum</strong></span> <span class='ocrx_word' id='word_1_142' title='bbox 858 2539 910 2595; x_wconf 91' lang='lat' dir='ltr'><strong>est</strong></span> <span class='ocrx_word' id='word_1_143' title='bbox 929 2537 1044 2595; x_wconf 86' lang='lat' dir='ltr'><strong>utrum</strong></span> <span class='ocrx_word' id='word_1_144' title='bbox 1064 2545 1179 2591; x_wconf 89' lang='lat' dir='ltr'><strong>rerum</strong></span> <span class='ocrx_word' id='word_1_145' title='bbox 1196 2519 1373 2610; x_wconf 89' lang='lat' dir='ltr'><strong>scriptori·</strong></span> 
     </span>
     <span class='ocr_line' id='line_1_19' title="bbox 203 2637 1371 2736; baseline -0.009 -24"><span class='ocrx_word' id='word_1_146' title='bbox 203 2644 279 2725; x_wconf 91' lang='lat' dir='ltr'><strong>bus,</strong></span> <span class='ocrx_word' id='word_1_147' title='bbox 305 2666 348 2712; x_wconf 90' lang='lat' dir='ltr'><strong>an</strong></span> <span class='ocrx_word' id='word_1_148' title='bbox 371 2646 578 2736; x_wconf 91' lang='lat' dir='ltr'><strong>geographis</strong></span> <span class='ocrx_word' id='word_1_149' title='bbox 598 2646 723 2736; x_wconf 86' lang='lat' dir='ltr'><strong>saepius</strong></span> <span class='ocrx_word' id='word_1_150' title='bbox 745 2667 830 2714; x_wconf 90' lang='lat' dir='ltr'><strong>usus</strong></span> <span class='ocrx_word' id='word_1_151' title='bbox 855 2645 910 2711; x_wconf 92' lang='lat' dir='ltr'><strong>sit.</strong></span> <span class='ocrx_word' id='word_1_152' title='bbox 939 2643 1025 2712; x_wconf 88' lang='lat' dir='ltr'><strong>Cum</strong></span> <span class='ocrx_word' id='word_1_153' title='bbox 1049 2662 1129 2710; x_wconf 88' lang='lat' dir='ltr'><strong>vero</strong></span> <span class='ocrx_word' id='word_1_154' title='bbox 1155 2637 1228 2728; x_wconf 92' lang='lat' dir='ltr'><strong>ipse</strong></span> <span class='ocrx_word' id='word_1_155' title='bbox 1255 2657 1371 2703; x_wconf 90' lang='lat' dir='ltr'><strong>rerum</strong></span> 
     </span>
     <span class='ocr_line' id='line_1_20' title="bbox 203 2751 1369 2848; baseline -0.003 -26"><span class='ocrx_word' id='word_1_156' title='bbox 203 2757 346 2847; x_wconf 90' lang='lat' dir='ltr'><strong>scriptor</strong></span> <span class='ocrx_word' id='word_1_157' title='bbox 357 2770 457 2841; x_wconf 90' lang='lat' dir='ltr'><strong>esset,</strong></span> <span class='ocrx_word' id='word_1_158' title='bbox 471 2779 513 2825; x_wconf 90' lang='lat' dir='ltr'><strong>ex</strong></span> <span class='ocrx_word' id='word_1_159' title='bbox 525 2757 627 2848; x_wconf 91' lang='lat' dir='ltr'><strong>hujus</strong></span> <span class='ocrx_word' id='word_1_160' title='bbox 640 2758 776 2848; x_wconf 90' lang='lat' dir='ltr'><strong>generis</strong></span> <span class='ocrx_word' id='word_1_161' title='bbox 790 2755 1024 2848; x_wconf 81' lang='lat' dir='ltr'><strong>scriptoribus,</strong></span> <span class='ocrx_word' id='word_1_162' title='bbox 1036 2763 1074 2821; x_wconf 91' lang='lat' dir='ltr'><strong>ut</strong></span> <span class='ocrx_word' id='word_1_163' title='bbox 1084 2752 1259 2846; x_wconf 85' lang='lat' dir='ltr'><strong>probabile</strong></span> <span class='ocrx_word' id='word_1_164' title='bbox 1271 2751 1369 2820; x_wconf 90' lang='lat' dir='ltr'><strong>nobis</strong></span> 
     </span>
     <span class='ocr_line' id='line_1_21' title="bbox 203 2867 1370 2964; baseline -0.003 -25"><span class='ocrx_word' id='word_1_165' title='bbox 203 2872 350 2958; x_wconf 87' lang='lat' dir='ltr'><strong>videtur,</strong></span> <span class='ocrx_word' id='word_1_166' title='bbox 382 2874 552 2962; x_wconf 87' lang='lat' dir='ltr'><strong>permulta</strong></span> <span class='ocrx_word' id='word_1_167' title='bbox 579 2873 706 2953; x_wconf 91' lang='lat' dir='ltr'><strong>hausit,</strong></span> <span class='ocrx_word' id='word_1_168' title='bbox 733 2874 858 2964; x_wconf 94' lang='lat' dir='ltr'><strong>quippe</strong></span> <span class='ocrx_word' id='word_1_169' title='bbox 881 2873 939 2963; x_wconf 93' lang='lat' dir='ltr'><strong>qui</strong></span> <span class='ocrx_word' id='word_1_170' title='bbox 973 2871 1146 2939; x_wconf 86' lang='lat' dir='ltr'><strong>continuae</strong></span> <span class='ocrx_word' id='word_1_171' title='bbox 1181 2867 1370 2937; x_wconf 89' lang='lat' dir='ltr'><strong>narrationi</strong></span> 
     </span>
     <span class='ocr_line' id='line_1_22' title="bbox 203 2986 1372 3080; baseline -0.002 -26"><span class='ocrx_word' id='word_1_172' title='bbox 203 2989 450 3080; x_wconf 82' lang='lat' dir='ltr'><strong>geographicas</strong></span> <span class='ocrx_word' id='word_1_173' title='bbox 470 2989 700 3080; x_wconf 80' lang='lat' dir='ltr'><strong>digressiones</strong></span> <span class='ocrx_word' id='word_1_174' title='bbox 720 2989 871 3057; x_wconf 92' lang='lat' dir='ltr'><strong>inserere</strong></span> <span class='ocrx_word' id='word_1_175' title='bbox 893 2989 1038 3057; x_wconf 91' lang='lat' dir='ltr'><strong>soleant.</strong></span> <span class='ocrx_word' id='word_1_176' title='bbox 1064 2986 1148 3054; x_wconf 88' lang='lat' dir='ltr'><strong>Cum</strong></span> <span class='ocrx_word' id='word_1_177' title='bbox 1170 2991 1284 3053; x_wconf 90' lang='lat' dir='ltr'><strong>autem</strong></span> <span class='ocrx_word' id='word_1_178' title='bbox 1309 3004 1372 3052; x_wconf 91' lang='lat' dir='ltr'><strong>suc</strong></span> 
     </span>
     <span class='ocr_line' id='line_1_23' title="bbox 204 3098 1375 3196; baseline -0.004 -25"><span class='ocrx_word' id='word_1_179' title='bbox 204 3104 240 3171; x_wconf 95' lang='lat' dir='ltr'><strong>in</strong></span> <span class='ocrx_word' id='word_1_180' title='bbox 256 3103 343 3172; x_wconf 85' lang='lat' dir='ltr'><strong>libro</strong></span> <span class='ocrx_word' id='word_1_181' title='bbox 359 3105 543 3173; x_wconf 90' lang='lat' dir='ltr'><strong>nonnullos</strong></span> <span class='ocrx_word' id='word_1_182' title='bbox 572 3099 790 3196; x_wconf 88' lang='lat' dir='ltr'><strong>geographos</strong></span> <span class='ocrx_word' id='word_1_183' title='bbox 811 3103 1004 3172; x_wconf 80' lang='lat' dir='ltr'><strong>laudaverit</strong></span> <span class='ocrx_word' id='word_1_184' title='bbox 1026 3101 1246 3183; x_wconf 90' lang='lat' dir='ltr'><strong>nominatim,</strong></span> <span class='ocrx_word' id='word_1_185' title='bbox 1273 3098 1375 3168; x_wconf 93' lang='lat' dir='ltr'><strong>nobis</strong></span> 
     </span>
     <span class='ocr_line' id='line_1_24' title="bbox 203 3216 1373 3316; baseline -0.003 -30"><span class='ocrx_word' id='word_1_186' title='bbox 203 3241 339 3310; x_wconf 91' lang='lat' dir='ltr'><strong>quoque</strong></span> <span class='ocrx_word' id='word_1_187' title='bbox 354 3221 516 3312; x_wconf 87' lang='lat' dir='ltr'><strong>augurari</strong></span> <span class='ocrx_word' id='word_1_188' title='bbox 532 3222 613 3289; x_wconf 93' lang='lat' dir='ltr'><strong>licet</strong></span> <span class='ocrx_word' id='word_1_189' title='bbox 631 3244 691 3289; x_wconf 92' lang='lat' dir='ltr'><strong>ecs</strong></span> <span class='ocrx_word' id='word_1_190' title='bbox 706 3244 871 3289; x_wconf 85' lang='lat' dir='ltr'><strong>excussos</strong></span> <span class='ocrx_word' id='word_1_191' title='bbox 891 3220 999 3288; x_wconf 88' lang='lat' dir='ltr'><strong>fuisse</strong></span> <span class='ocrx_word' id='word_1_192' title='bbox 1021 3240 1169 3310; x_wconf 91' lang='lat' dir='ltr'><strong>quorum</strong></span> <span class='ocrx_word' id='word_1_193' title='bbox 1189 3216 1373 3316; x_wconf 77' lang='lat' dir='ltr'><strong>scriptaad</strong></span> 
     </span>
     <span class='ocr_line' id='line_1_25' title="bbox 202 3317 1372 3428; baseline -0.001 -28"><span class='ocrx_word' id='word_1_194' title='bbox 202 3355 275 3401; x_wconf 89' lang='lat' dir='ltr'><strong>rem</strong></span> <span class='ocrx_word' id='word_1_195' title='bbox 288 3335 438 3403; x_wconf 86' lang='lat' dir='ltr'><strong>maxime</strong></span> <span class='ocrx_word' id='word_1_196' title='bbox 455 3344 659 3426; x_wconf 88' lang='lat' dir='ltr'><strong>spectarent.</strong></span> <span class='ocrx_word' id='word_1_197' title='bbox 678 3336 730 3404; x_wconf 86' lang='lat' dir='ltr'><strong>Ex</strong></span> <span class='ocrx_word' id='word_1_198' title='bbox 749 3317 818 3428; x_wconf 91' lang='lat' dir='ltr'><strong>quo</strong></span> <span class='ocrx_word' id='word_1_199' title='bbox 834 3346 952 3404; x_wconf 91' lang='lat' dir='ltr'><strong>tamen</strong></span> <span class='ocrx_word' id='word_1_200' title='bbox 966 3334 1054 3403; x_wconf 91' lang='lat' dir='ltr'><strong>nihil</strong></span> <span class='ocrx_word' id='word_1_201' title='bbox 1077 3334 1160 3401; x_wconf 89' lang='lat' dir='ltr'><strong>certi</strong></span> <span class='ocrx_word' id='word_1_202' title='bbox 1176 3332 1293 3422; x_wconf 92' lang='lat' dir='ltr'><strong>colligi</strong></span> <span class='ocrx_word' id='word_1_203' title='bbox 1304 3317 1372 3422; x_wconf 79' lang='lat' dir='ltr'><strong>‘po-</strong></span> 
     </span>
     <span class='ocr_line' id='line_1_26' title="bbox 204 3447 1374 3543; baseline 0.001 -28"><span class='ocrx_word' id='word_1_204' title='bbox 204 3458 280 3516; x_wconf 87' lang='lat' dir='ltr'><strong>test.</strong></span> <span class='ocrx_word' id='word_1_205' title='bbox 295 3451 450 3542; x_wconf 91' lang='lat' dir='ltr'><strong>Namque</strong></span> <span class='ocrx_word' id='word_1_206' title='bbox 464 3452 547 3520; x_wconf 87' lang='lat' dir='ltr'><strong>satis</strong></span> <span class='ocrx_word' id='word_1_207' title='bbox 558 3453 717 3520; x_wconf 89' lang='lat' dir='ltr'><strong>convenit</strong></span> <span class='ocrx_word' id='word_1_208' title='bbox 731 3475 810 3520; x_wconf 91' lang='lat' dir='ltr'><strong>eum</strong></span> <span class='ocrx_word' id='word_1_209' title='bbox 825 3451 923 3521; x_wconf 92' lang='lat' dir='ltr'><strong>valde</strong></span> <span class='ocrx_word' id='word_1_210' title='bbox 940 3451 1080 3543; x_wconf 90' lang='lat' dir='ltr'><strong>quidem</strong></span> <span class='ocrx_word' id='word_1_211' title='bbox 1093 3447 1265 3517; x_wconf 92' lang='lat' dir='ltr'><strong>eruditum</strong></span> <span class='ocrx_word' id='word_1_212' title='bbox 1275 3469 1374 3516; x_wconf 90' lang='lat' dir='ltr'><strong>snam</strong></span> 
     </span>
     <span class='ocr_line' id='line_1_27' title="bbox 205 3563 1373 3659; baseline -0.003 -25"><span class='ocrx_word' id='word_1_213' title='bbox 205 3566 394 3636; x_wconf 89' lang='lat' dir='ltr'><strong>doctrinam</strong></span> <span class='ocrx_word' id='word_1_214' title='bbox 410 3568 604 3637; x_wconf 92' lang='lat' dir='ltr'><strong>ostentandi</strong></span> <span class='ocrx_word' id='word_1_215' title='bbox 627 3569 740 3637; x_wconf 92' lang='lat' dir='ltr'><strong>studio</strong></span> <span class='ocrx_word' id='word_1_216' title='bbox 763 3569 890 3659; x_wconf 74' lang='lat' dir='ltr'><strong>saepius</strong></span> <span class='ocrx_word' id='word_1_217' title='bbox 906 3566 1123 3636; x_wconf 82' lang='lat' dir='ltr'><strong>indulsisse³.</strong></span> <span class='ocrx_word' id='word_1_218' title='bbox 1143 3565 1257 3648; x_wconf 89' lang='lat' dir='ltr'><strong>Quare</strong></span> <span class='ocrx_word' id='word_1_219' title='bbox 1273 3563 1373 3631; x_wconf 89' lang='lat' dir='ltr'><strong>nobis</strong></span> 
     </span>
     <span class='ocr_line' id='line_1_28' title="bbox 202 3678 1374 3776; baseline -0.003 -26"><span class='ocrx_word' id='word_1_220' title='bbox 202 3706 272 3750; x_wconf 91' lang='lat' dir='ltr'><strong>non</strong></span> <span class='ocrx_word' id='word_1_221' title='bbox 293 3683 511 3774; x_wconf 81' lang='lat' dir='ltr'><strong>dubium&#39;est</strong></span> <span class='ocrx_word' id='word_1_222' title='bbox 531 3684 614 3776; x_wconf 92' lang='lat' dir='ltr'><strong>quin</strong></span> <span class='ocrx_word' id='word_1_223' title='bbox 638 3685 724 3775; x_wconf 89' lang='lat' dir='ltr'><strong>ipse,</strong></span> <span class='ocrx_word' id='word_1_224' title='bbox 743 3706 940 3776; x_wconf 90' lang='lat' dir='ltr'><strong>quanquam</strong></span> <span class='ocrx_word' id='word_1_225' title='bbox 959 3683 1133 3774; x_wconf 83' lang='lat' dir='ltr'><strong>praecipue</strong></span> <span class='ocrx_word' id='word_1_226' title='bbox 1153 3681 1197 3749; x_wconf 88' lang='lat' dir='ltr'><strong>ad</strong></span> <span class='ocrx_word' id='word_1_227' title='bbox 1211 3678 1374 3749; x_wconf 91' lang='lat' dir='ltr'><strong>historica</strong></span> 
     </span>
     <span class='ocr_line' id='line_1_29' title="bbox 205 3796 1371 3891; baseline -0.003 -26"><span class='ocrx_word' id='word_1_228' title='bbox 205 3820 309 3888; x_wconf 91' lang='lat' dir='ltr'><strong>opera</strong></span> <span class='ocrx_word' id='word_1_229' title='bbox 323 3799 531 3891; x_wconf 87' lang='lat' dir='ltr'><strong>perlegenda</strong></span> <span class='ocrx_word' id='word_1_230' title='bbox 543 3822 618 3868; x_wconf 90' lang='lat' dir='ltr'><strong>sese</strong></span> <span class='ocrx_word' id='word_1_231' title='bbox 632 3801 801 3891; x_wconf 90' lang='lat' dir='ltr'><strong>applicare</strong></span> <span class='ocrx_word' id='word_1_232' title='bbox 815 3800 937 3891; x_wconf 92' lang='lat' dir='ltr'><strong>potuit,</strong></span> <span class='ocrx_word' id='word_1_233' title='bbox 951 3808 1068 3867; x_wconf 91' lang='lat' dir='ltr'><strong>tamen</strong></span> <span class='ocrx_word' id='word_1_234' title='bbox 1081 3818 1193 3888; x_wconf 90' lang='lat' dir='ltr'><strong>neque</strong></span> <span class='ocrx_word' id='word_1_235' title='bbox 1206 3796 1371 3875; x_wconf 88' lang='lat' dir='ltr'><strong>carmina,</strong></span> 
     </span>
     <span class='ocr_line' id='line_1_30' title="bbox 204 3907 1373 4005; baseline -0.005 -25"><span class='ocrx_word' id='word_1_236' title='bbox 204 3936 315 4004; x_wconf 91' lang='lat' dir='ltr'><strong>neque</strong></span> <span class='ocrx_word' id='word_1_237' title='bbox 334 3916 508 3984; x_wconf 89' lang='lat' dir='ltr'><strong>orationes</strong></span> <span class='ocrx_word' id='word_1_238' title='bbox 530 3914 882 4005; x_wconf 87' lang='lat' dir='ltr'><strong>philosophorumque</strong></span> <span class='ocrx_word' id='word_1_239' title='bbox 900 3912 1168 3989; x_wconf 87' lang='lat' dir='ltr'><strong>lucubrationes,</strong></span> <span class='ocrx_word' id='word_1_240' title='bbox 1192 3909 1228 3976; x_wconf 90' lang='lat' dir='ltr'><strong>in</strong></span> <span class='ocrx_word' id='word_1_241' title='bbox 1248 3907 1373 4001; x_wconf 89' lang='lat' dir='ltr'><strong>quibus</strong></span> 
     </span>
     <span class='ocr_line' id='line_1_31' title="bbox 203 4024 1371 4118; baseline -0.002 -24"><span class='ocrx_word' id='word_1_242' title='bbox 203 4029 244 4095; x_wconf 89' lang='lat' dir='ltr'><strong>de</strong></span> <span class='ocrx_word' id='word_1_243' title='bbox 269 4031 421 4097; x_wconf 82' lang='lat' dir='ltr'><strong>externis</strong></span> <span class='ocrx_word' id='word_1_244' title='bbox 445 4029 606 4118; x_wconf 89' lang='lat' dir='ltr'><strong>gentibus</strong></span> <span class='ocrx_word' id='word_1_245' title='bbox 631 4031 820 4099; x_wconf 89' lang='lat' dir='ltr'><strong>sententias</strong></span> <span class='ocrx_word' id='word_1_246' title='bbox 839 4031 895 4099; x_wconf 86' lang='lat' dir='ltr'><strong>vel</strong></span> <span class='ocrx_word' id='word_1_247' title='bbox 918 4028 1009 4096; x_wconf 87' lang='lat' dir='ltr'><strong>dicta</strong></span> <span class='ocrx_word' id='word_1_248' title='bbox 1031 4026 1188 4118; x_wconf 88' lang='lat' dir='ltr'><strong>sperabat</strong></span> <span class='ocrx_word' id='word_1_249' title='bbox 1211 4024 1371 4114; x_wconf 89' lang='lat' dir='ltr'><strong>reperire,</strong></span> 
     </span>
     <span class='ocr_line' id='line_1_32' title="bbox 203 4136 407 4233; baseline 0.025 -23"><span class='ocrx_word' id='word_1_250' title='bbox 203 4136 407 4233; x_wconf 88' lang='lat' dir='ltr'><strong>neglexerit.</strong></span> 
     </span>
    </p>
   </div>
   <div class='ocr_carea' id='block_1_3' title="bbox 201 4397 1374 4785">
    <p class='ocr_par' dir='ltr' id='par_1_5' title="bbox 234 4397 452 4458">
     <span class='ocr_line' id='line_1_33' title="bbox 234 4397 452 4458; baseline 0.009 -13"><span class='ocrx_word' id='word_1_251' title='bbox 234 4399 256 4446; x_wconf 87' lang='lat' dir='ltr'><strong>l.</strong></span> <span class='ocrx_word' id='word_1_252' title='bbox 273 4397 359 4458; x_wconf 84' lang='lat' dir='ltr'>XXXI,</span> <span class='ocrx_word' id='word_1_253' title='bbox 372 4401 410 4458; x_wconf 78' lang='lat'><strong>16,</strong></span> <span class='ocrx_word' id='word_1_254' title='bbox 426 4401 452 4447; x_wconf 83' lang='lat'><strong>9.</strong></span> 
     </span>
    </p>

    <p class='ocr_par' dir='ltr' id='par_1_6' title="bbox 201 4478 1374 4707">
     <span class='ocr_line' id='line_1_34' title="bbox 233 4478 1374 4544; baseline -0.001 -17"><span class='ocrx_word' id='word_1_255' title='bbox 233 4479 357 4539; x_wconf 75' lang='lat' dir='ltr'><strong>allecte,</strong></span> <span class='ocrx_word' id='word_1_256' title='bbox 373 4479 456 4528; x_wconf 80' lang='lat' dir='ltr'><strong>lndex</strong></span> <span class='ocrx_word' id='word_1_257' title='bbox 470 4478 622 4528; x_wconf 83' lang='lat' dir='ltr'><strong>scholaram</strong></span> <span class='ocrx_word' id='word_1_258' title='bbox 636 4494 642 4529; x_wconf 91' lang='lat'>:</span> <span class='ocrx_word' id='word_1_259' title='bbox 657 4479 695 4530; x_wconf 87' lang='lat' dir='ltr'><strong>De</strong></span> <span class='ocrx_word' id='word_1_260' title='bbox 714 4480 848 4530; x_wconf 79' lang='lat' dir='ltr'><strong>Ammiani</strong></span> <span class='ocrx_word' id='word_1_261' title='bbox 861 4480 959 4531; x_wconf 81' lang='lat' dir='ltr'><strong>studiis</strong></span> <span class='ocrx_word' id='word_1_262' title='bbox 974 4480 1157 4540; x_wconf 75' lang='lat' dir='ltr'><strong>sallustianis,</strong></span> <span class='ocrx_word' id='word_1_263' title='bbox 1175 4480 1244 4539; x_wconf 81' lang='lat' dir='ltr'><strong>lau,</strong></span> <span class='ocrx_word' id='word_1_264' title='bbox 1263 4479 1308 4544; x_wconf 63' lang='lat' dir='ltr'><strong>Lpss.</strong></span> <span class='ocrx_word' id='word_1_265' title='bbox 1324 4478 1374 4527; x_wconf 75' lang='lat' dir='ltr'><strong>tet</strong></span> 
     </span>
     <span class='ocr_line' id='line_1_35' title="bbox 202 4557 1373 4624; baseline 0 -17"><span class='ocrx_word' id='word_1_266' title='bbox 202 4572 252 4622; x_wconf 83' lang='lat' dir='ltr'><strong>seq·</strong></span> <span class='ocrx_word' id='word_1_267' title='bbox 265 4572 277 4621; x_wconf 76' lang='lat' dir='ltr'><strong>j.</strong></span> <span class='ocrx_word' id='word_1_268' title='bbox 286 4573 292 4618; x_wconf 88' lang='lat'>;</span> <span class='ocrx_word' id='word_1_269' title='bbox 302 4560 377 4624; x_wconf 86' lang='lat' dir='ltr'><strong>Hugo</strong></span> <span class='ocrx_word' id='word_1_270' title='bbox 393 4559 558 4618; x_wconf 86' lang='lat' dir='ltr'><strong>Michael,l)e</strong></span> <span class='ocrx_word' id='word_1_271' title='bbox 573 4560 709 4610; x_wconf 81' lang='lat' dir='ltr'><strong>Ammiani</strong></span> <span class='ocrx_word' id='word_1_272' title='bbox 717 4557 870 4611; x_wconf 76' lang='lat' dir='ltr'><strong>Marcellini</strong></span> <span class='ocrx_word' id='word_1_273' title='bbox 886 4559 983 4611; x_wconf 84' lang='lat' dir='ltr'><strong>stadiis</strong></span> <span class='ocrx_word' id='word_1_274' title='bbox 997 4559 1182 4617; x_wconf 79' lang='lat' dir='ltr'><strong>Ciceronianis,</strong></span> <span class='ocrx_word' id='word_1_275' title='bbox 1197 4557 1373 4620; x_wconf 79' lang='lat' dir='ltr'><strong>Vratislavioe,</strong></span> 
     </span>
     <span class='ocr_line' id='line_1_36' title="bbox 201 4640 486 4707; baseline 0 -19"><span class='ocrx_word' id='word_1_276' title='bbox 201 4640 270 4698; x_wconf 81' lang='lat' dir='ltr'><strong>rau,</strong></span> <span class='ocrx_word' id='word_1_277' title='bbox 287 4640 333 4703; x_wconf 65' lang='lat' dir='ltr'><strong>sp...</strong></span> <span class='ocrx_word' id='word_1_278' title='bbox 346 4640 397 4690; x_wconf 77' lang='lat' dir='ltr'><strong>bet</strong></span> <span class='ocrx_word' id='word_1_279' title='bbox 411 4653 486 4707; x_wconf 56' lang='lat' dir='ltr'><strong>squ.</strong></span> 
     </span>
    </p>

    <p class='ocr_par' dir='ltr' id='par_1_7' title="bbox 233 4717 764 4785">
     <span class='ocr_line' id='line_1_37' title="bbox 233 4717 764 4785; baseline 0.006 -16"><span class='ocrx_word' id='word_1_280' title='bbox 233 4721 256 4769; x_wconf 85' lang='grc'><strong>3.</strong></span> <span class='ocrx_word' id='word_1_281' title='bbox 274 4717 351 4782; x_wconf 77' lang='lat' dir='ltr'><strong>ibid,</strong></span> <span class='ocrx_word' id='word_1_282' title='bbox 368 4720 457 4781; x_wconf 82' lang='lat' dir='ltr'><strong>Hertz,</strong></span> <span class='ocrx_word' id='word_1_283' title='bbox 472 4734 499 4784; x_wconf 89' lang='lat' dir='ltr'><strong>p.</strong></span> <span class='ocrx_word' id='word_1_284' title='bbox 512 4720 545 4780; x_wconf 83' lang='lat'><strong>63</strong></span> <span class='ocrx_word' id='word_1_285' title='bbox 562 4717 681 4780; x_wconf 83' lang='lat' dir='ltr'><strong>Michael,</strong></span> <span class='ocrx_word' id='word_1_286' title='bbox 698 4735 724 4785; x_wconf 90' lang='lat' dir='ltr'><strong>p.</strong></span> <span class='ocrx_word' id='word_1_287' title='bbox 740 4722 764 4773; x_wconf 86' lang='grc'><strong>6.</strong></span> 
     </span>
    </p>
   </div>
   <div class='ocr_carea' id='block_1_4' title="bbox 0 0 1684 5446">
    <p class='ocr_par' dir='ltr' id='par_1_8' title="bbox 0 0 1684 5446">
     <span class='ocr_line' id='line_1_38' title="bbox 0 0 1684 5446; baseline 0 1"><span class='ocrx_word' id='word_1_288' title='bbox 0 0 1684 5446; x_wconf 95' lang='lat' dir='ltr'><strong> </strong></span> 
     </span>
    </p>
   </div>
  </div>
 </body>
</html>
