3360 5446
742 544 939 606 „53-

250 697 397 764 doceret.
416 695 540 776 Quare
557 717 597 761 eo
611 694 725 762 minus
748 695 963 763 excusandus
975 717 1050 762 csse
1067 694 1152 762 mihi
1165 694 1311 776 videtur,
1325 693 1418 784 quod

248 809 367 879 Livius
388 809 425 877 in
441 809 560 898 quinto
575 809 628 876 sui
650 808 762 898 operis
780 808 867 879 libro
890 808 948 877 ubi
964 807 1141 877 Gallorum
1165 817 1419 894 transgressum

248 925 412 1008 narravit,
434 925 639 993 Herculeum
658 911 977 993 transitumfabulis
989 924 1061 1014 jam
1075 922 1333 1013 adscripserat¹.
1350 920 1420 989 Sed

250 1041 311 1109 hac
344 1041 445 1132 culpa
481 1040 596 1131 aliqua
620 1063 662 1108 ex
688 1050 783 1129 parte
814 1039 995 1121 levabitur,
1020 1039 1048 1106 si
1075 1036 1420 1107 animadverterimus

249 1178 329 1224 eum
345 1155 460 1247 potius
476 1154 596 1224 lectori
612 1155 752 1245 cognitu
772 1155 938 1245 jucunda,
960 1162 1139 1247 poetarum
1163 1173 1272 1233 more,
1294 1173 1419 1241 propo-

249 1272 352 1341 nendi
368 1270 495 1354 studio,
514 1291 618 1362 quam
629 1269 737 1337 nimia
750 1269 950 1338 credulitate
961 1268 997 1336 in
1011 1268 1066 1336 his
1077 1265 1265 1337 referendis
1278 1264 1419 1333 ductum
1474 1303 1480 1316 ·

250 1387 370 1457 fuisse.

296 1503 347 1572 Ob
367 1503 525 1572 eamdem
558 1523 711 1585 causam,
728 1523 925 1594 quanquam
952 1500 1088 1571 veritati
1117 1509 1347 1569 consentanea
1366 1500 1421 1568 vel

143 1698 146 1702 ,
252 1619 407 1712 proxima
423 1621 572 1712 quadarn
600 1618 807 1689 divinatione
830 1629 863 1689 et
888 1620 1005 1690 nativo
1025 1627 1111 1688 rectt
1135 1639 1239 1686 sensu
1257 1616 1451 1708 selegisse·

253 1735 379 1826 saepius
397 1735 545 1819 videtur,
570 1744 686 1804 tamen
716 1758 775 1804 eas
803 1758 873 1804 non
896 1734 1073 1803 indecoras
1097 1732 1236 1825 quidem
1252 1731 1423 1802 fabulasa

252 1848 377 1918 Graeeis
400 1850 571 1936 inventas,
591 1873 667 1942 quae
684 1850 726 1919 ad
742 1854 936 1919 Amazonas
956 1848 1157 1932 attinebant,
1173 1869 1422 1916 commemora-

253 1965 330 2035 vit¹.
346 1967 459 2048 Quam
473 1966 508 2034 in
526 1965 729 2036 sententiam
745 1987 785 2035 eo
795 1963 959 2033 libentius
975 1964 1126 2033 eundum
1144 1972 1240 2054 puto,
1253 1963 1344 2054 quod
1360 1963 1423 2032 has
1445 1963 1449 1970 ’

258 2081 390 2177 fabulas
414 2081 518 2149 etiam
540 2079 582 2149 ab
612 2079 690 2148 aliis
718 2077 941 2170 scriptoribus
965 2078 1129 2168 gravibus
1156 2077 1307 2168 quidem,
1328 2077 1423 2146 velut

254 2195 422 2265 Strabone
438 2208 541 2289 atque
551 2196 847 2279 Arriano,relatas
861 2195 1010 2286 reperire
1021 2193 1111 2263 licet.
1128 2194 1212 2275 Quae
1226 2192 1426 2284 Graecorum

252 2320 286 2379 et
300 2312 535 2380 Romanorum
554 2311 678 2380 animis
694 2310 743 2380 ita
754 2310 867 2379 insitae
882 2311 1033 2390 fuerunt,
1047 2317 1084 2377 ut
1098 2309 1252 2399 plerique
1267 2319 1425 2379 auctores
1505 2345 1508 2351 ·
1582 2319 1585 2325 ’

252 2449 311 2496 eas
326 2428 468 2516 rejicere
492 2436 592 2496 autea
608 2450 680 2496 non
706 2427 781 2495 ausi
810 2426 911 2495 sint⁸.

297 2543 395 2612 Certe
413 2544 521 2639 multo
545 2543 656 2632 magis
675 2541 882 2610 offendimur
910 2540 1064 2632 eoquod
1085 2541 1122 2608 in
1144 2541 1231 2613 locis
1256 2541 1425 2632 excerptis

254 2658 475 2750 disponendis
492 2668 525 2727 et
541 2659 583 2727 ad
598 2681 697 2728 suam
716 2682 790 2728 rem
805 2656 1105 2728 accommodandis
1125 2657 1270 2726 nimiam
1285 2657 1425 2727 festina·

254 2771 382 2839 tionem
401 2781 502 2862 atquc
523 2771 695 2840 nonsatis
717 2772 903 2861 diligentiae
929 2771 1055 2861 saepins
1079 2770 1247 2856 adhibuit,
1265 2775 1364 2863 cujus
1384 2795 1426 2840 ex

252 2884 508 2954 inconsiderata
520 2885 730 2977 compilandi
740 2886 871 2953 ratione
887 2907 984 2977 paene
1001 2885 1117 2953 omnia
1128 2884 1325 2953 derivantur
1341 2885 1425 2953 vitia

252 3023 328 3092 quae
343 3001 380 3069 in
403 3001 647 3095 geographicis
657 3001 871 3091 digressibus
886 2997 1028 3092 reperiri
1048 3011 1204 3093 possunt.
1221 3001 1318 3070 Unde
1334 3001 1372 3068 fit
1387 3012 1424 3069 ut

253 3113 380 3185 incidat
393 3115 429 3183 in
444 3137 503 3183 eoa
519 3137 655 3184 errores
672 3116 730 3206 qui
741 3118 815 3205 jam
838 3114 1010 3206 prioribus
1033 3113 1230 3183 auctoribus
1246 3125 1326 3182 sunt
1341 3114 1426 3206 0in-

252 3229 373 3298 ciendi.
391 3227 490 3313 Quod
512 3228 747 3321 deprehendas
764 3229 935 3320 praecipue
956 3229 991 3297 in
1013 3227 1068 3295 his
1090 3227 1176 3296 locis
1192 3227 1250 3295 ubi
1268 3227 1425 3317 gentium

251 3344 519 3435 longinquarum
539 3345 644 3412 situm
662 3342 828 3427 definivit,
846 3343 918 3410 sive
941 3341 1107 3411 memoria
1131 3343 1250 3432 lapsus
1271 3340 1328 3434 sit,
1349 3341 1424 3409 sive

253 3459 339 3529 alios
361 3460 439 3529 aliis
463 3460 549 3528 lucis
573 3459 686 3528 fontes
708 3459 842 3528 adierit.
865 3458 923 3529 Sic
944 3458 1185 3544 Ptolemaeum,
1202 3457 1238 3525 in
1258 3457 1324 3526 hoc
1346 3459 1422 3526 loco

254 3573 311 3641 ubi
325 3572 432 3641 Abios
449 3573 538 3642 ultra
554 3594 648 3640 mare
665 3573 827 3664 Caspium
845 3572 970 3662 posuit,
984 3595 1053 3641 non
1073 3581 1165 3640 recte
1181 3583 1321 3641 secutus
1336 3578 1420 3641 cett

252 3687 357 3771 Alibi,
376 3690 405 3756 si
419 3689 584 3779 Bunbury
600 3688 687 3757 fides
701 3687 856 3758 habenda
872 3687 927 3772 sit,
937 3689 1096 3757 eumdem
1114 3687 1253 3756 admisit
1270 3710 1418 3756 errorem

252 3826 354 3894 quem
369 3804 501 3873 Plinius
517 3805 554 3872 in·
565 3827 606 3872 eo
616 3803 708 3895 quod
724 3804 880 3893 adjunxit
889 3803 1026 3894 populis
1039 3826 1187 3895 quorum
1202 3803 1420 3893 nominajam

253 3920 457 4002 ceciderant,
476 3921 555 3989 illos
573 3919 632 4010 qui
658 3943 766 4011 nuper
780 3921 815 3988 in
832 3918 966 4010 imperii
987 3919 1120 3987 romani
1140 3920 1224 3987 lines
1239 3899 1421 3987 irruerant.

205 4037 210 4044 ’
253 4035 417 4117 Sic,inter
433 4036 579 4126 Scythas
592 4035 684 4104 circa
698 4035 862 4103 Paludem
879 4035 1073 4103 lllaeotidem
1092 4043 1199 4102 terras
1210 4021 1422 4116 incolentes,

253 4150 534 4232 Melanchlaenos,
552 4151 716 4229 Gelonos,
734 4150 962 4249 Agathyrsos,
976 4150 1109 4241 jamdiu
1124 4159 1238 4231 notos,
1257 4159 1372 4240 atque,
1388 4158 1426 4216 ut

283 4395 306 4443 1.
323 4394 360 4443 Gt.
384 4394 413 4442 G.
436 4393 559 4453 Vossius,
579 4394 617 4442 De
644 4391 783 4456 theologia
804 4393 899 4456 pontiti
921 4397 946 4443 et
968 4393 1132 4457 Physioloqio
1160 4392 1318 4452 christiana,
1340 4392 1391 4442 lib.
1407 4391 1425 4449 l,

253 4473 298 4525 lol.
314 4476 368 4535 tac,
380 4474 561 4536 Amsterdam,
577 4471 757 4524 Muctxvrlt.
814 4480 818 4484 ·

287 4556 310 4604 2.
325 4554 401 4616 XXss,
417 4558 442 4613 8,
458 4556 496 4606 ta.
1149 4598 1152 4604 ,

284 4635 307 4683 3.
322 4634 411 4695 Grote,
422 4635 539 4686 Histoire
554 4637 586 4685 de
601 4636 628 4684 lu
643 4634 733 4692 Grdce,
749 4633 816 4684 trad.
834 4634 945 4696 Sadous,
960 4636 1009 4685 loc.
1027 4636 1087 4695 cit..
1104 4637 1125 4685 t.
1144 4637 1162 4696 l,
1174 4648 1203 4698 p.
1222 4637 1278 4697 tet,
1291 4636 1380 4686 notes.

283 4719 306 4766 l.
323 4717 460 4768 Memoires
475 4717 509 4765 de
526 4714 684 4766 l’eteudc'mte
699 4713 745 4763 des
761 4714 933 4779 rescriptione
944 4719 970 4766 et
984 4714 1194 4774 nettestettres,
1207 4714 1233 4762 t.
1257 4714 1334 4774 XXV,
1346 4729 1374 4778 p.
1390 4716 1429 4762 ta.

635 4842 653 4882 u
1288 4825 1302 4870 5
