<?xml version="1.0" encoding="UTF-8"?>
<!DOCTYPE html PUBLIC "-//W3C//DTD XHTML 1.0 Transitional//EN"
    "http://www.w3.org/TR/xhtml1/DTD/xhtml1-transitional.dtd">
<html xmlns="http://www.w3.org/1999/xhtml" xml:lang="en" lang="en">
 <head>
  <title>
</title>
<meta http-equiv="Content-Type" content="text/html;charset=utf-8" />
  <meta name='ocr-system' content='tesseract 3.04.00' />
  <meta name='ocr-capabilities' content='ocr_page ocr_carea ocr_par ocr_line ocrx_word'/>
</head>
<body>
  <div class='ocr_page' id='page_1' title='image "./deammianimarcel00malogoog_0038.png"; bbox 0 0 3412 5454; ppageno 0'>
   <div class='ocr_carea' id='block_1_1' title="bbox 820 4170 862 4390">
    <p class='ocr_par' dir='ltr' id='par_1_1' title="bbox 820 4170 862 4390">
     <span class='ocr_line' id='line_1_1' title="bbox 820 4170 862 4390; textangle 90"><span class='ocrx_word' id='word_1_1' title='bbox 820 4269 862 4390; x_wconf 89' lang='lat'>111,</span> <span class='ocrx_word' id='word_1_2' title='bbox 822 4170 853 4231; x_wconf 85' lang='lat'>7-</span> 
     </span>
    </p>
   </div>
   <div class='ocr_carea' id='block_1_2' title="bbox 890 3802 1043 4760">
    <p class='ocr_par' dir='ltr' id='par_1_2' title="bbox 890 3802 1043 4760">
     <span class='ocr_line' id='line_1_2' title="bbox 890 3808 922 4690; textangle 90"><span class='ocrx_word' id='word_1_3' title='bbox 892 4536 917 4690; x_wconf 87' lang='lat' dir='ltr'>Seres</span> <span class='ocrx_word' id='word_1_4' title='bbox 891 4241 916 4516; x_wconf 77' lang='lat' dir='ltr'><strong>intersunt</strong></span> <span class='ocrx_word' id='word_1_5' title='bbox 897 4046 921 4216; x_wconf 79' lang='lat' dir='ltr'>genus</span> <span class='ocrx_word' id='word_1_6' title='bbox 890 3808 922 4032; x_wconf 89' lang='lat' dir='ltr'>plenum</span> 
     </span>
     <span class='ocr_line' id='line_1_3' title="bbox 930 3805 963 4760; textangle 90"><span class='ocrx_word' id='word_1_7' title='bbox 932 4533 963 4760; x_wconf 72' lang='lat' dir='ltr'>justitiae</span> <span class='ocrx_word' id='word_1_8' title='bbox 938 4402 955 4467; x_wconf 85' lang='lat' dir='ltr'>ex</span> <span class='ocrx_word' id='word_1_9' title='bbox 930 4006 955 4336; x_wconf 62' lang='lat' dir='ltr'>conmmercio</span> <span class='ocrx_word' id='word_1_10' title='bbox 930 3805 961 3950; x_wconf 82' lang='lat' dir='ltr'>quod</span> 
     </span>
     <span class='ocr_line' id='line_1_4' title="bbox 970 3802 997 4756; textangle 90"><span class='ocrx_word' id='word_1_11' title='bbox 972 4591 997 4756; x_wconf 88' lang='lat' dir='ltr'>rebus</span> <span class='ocrx_word' id='word_1_12' title='bbox 971 4501 996 4557; x_wconf 88' lang='lat' dir='ltr'>in</span> <span class='ocrx_word' id='word_1_13' title='bbox 970 4173 996 4461; x_wconf 78' lang='lat' dir='ltr'>solitudine</span> <span class='ocrx_word' id='word_1_14' title='bbox 970 3935 995 4139; x_wconf 85' lang='lat' dir='ltr'>relictis</span> <span class='ocrx_word' id='word_1_15' title='bbox 970 3802 994 3896; x_wconf 85' lang='lat' dir='ltr'>ab—</span> 
     </span>
     <span class='ocr_line' id='line_1_5' title="bbox 1009 3977 1043 4754; textangle 90"><span class='ocrx_word' id='word_1_16' title='bbox 1019 4629 1037 4754; x_wconf 87' lang='lat' dir='ltr'>sens</span> <span class='ocrx_word' id='word_1_17' title='bbox 1011 4375 1043 4600; x_wconf 75' lang='lat' dir='ltr'>peragit,</span> <span class='ocrx_word' id='word_1_18' title='bbox 1009 3977 1035 4343; x_wconf 86' lang='lat' dir='ltr'>notissimum-</span> 
     </span>
    </p>
   </div>
   <div class='ocr_carea' id='block_1_3' title="bbox 263 2982 306 3487">
    <p class='ocr_par' dir='ltr' id='par_1_3' title="bbox 263 2982 306 3487">
     <span class='ocr_line' id='line_1_6' title="bbox 263 2982 306 3487; textangle 90"><span class='ocrx_word' id='word_1_19' title='bbox 263 3277 306 3487; x_wconf 63' lang='lat' dir='ltr'>Plin„</span> <span class='ocrx_word' id='word_1_20' title='bbox 263 3121 304 3235; x_wconf 88' lang='lat' dir='ltr'>VI,</span> <span class='ocrx_word' id='word_1_21' title='bbox 264 2982 297 3092; x_wconf 85' lang='lat'>20-</span> 
     </span>
    </p>
   </div>
   <div class='ocr_carea' id='block_1_4' title="bbox 334 2746 638 3704">
    <p class='ocr_par' dir='ltr' id='par_1_4' title="bbox 334 2746 638 3704">
     <span class='ocr_line' id='line_1_7' title="bbox 334 2751 366 3703; textangle 90"><span class='ocrx_word' id='word_1_22' title='bbox 334 3507 360 3703; x_wconf 83' lang='lat' dir='ltr'>lanicio</span> <span class='ocrx_word' id='word_1_23' title='bbox 334 3218 359 3479; x_wconf 74' lang='lat' dir='ltr'>silvarum</span> <span class='ocrx_word' id='word_1_24' title='bbox 334 2957 365 3191; x_wconf 58' lang='lat' dir='ltr'>nobilem,</span> <span class='ocrx_word' id='word_1_25' title='bbox 335 2751 366 2933; x_wconf 76' lang='lat' dir='ltr'>perfu-</span> 
     </span>
     <span class='ocr_line' id='line_1_8' title="bbox 374 2750 407 3700; textangle 90"><span class='ocrx_word' id='word_1_26' title='bbox 381 3585 399 3700; x_wconf 85' lang='lat' dir='ltr'>sam</span> <span class='ocrx_word' id='word_1_27' title='bbox 381 3416 407 3556; x_wconf 80' lang='lat' dir='ltr'>aqua</span> <span class='ocrx_word' id='word_1_28' title='bbox 374 3049 406 3396; x_wconf 78' lang='lat' dir='ltr'>depectentes</span> <span class='ocrx_word' id='word_1_29' title='bbox 375 2750 406 3029; x_wconf 76' lang='lat' dir='ltr'><strong><em>frondium</em></strong></span> 
     </span>
     <span class='ocr_line' id='line_1_9' title="bbox 414 2750 446 3702; textangle 90"><span class='ocrx_word' id='word_1_30' title='bbox 415 3448 439 3702; x_wconf 76' lang='lat' dir='ltr'>canitiem</span> <span class='ocrx_word' id='word_1_31' title='bbox 414 3272 439 3418; x_wconf 82' lang='lat' dir='ltr'>uncle</span> <span class='ocrx_word' id='word_1_32' title='bbox 414 2996 446 3248; x_wconf 86' lang='lat' dir='ltr'>geminus</span> <span class='ocrx_word' id='word_1_33' title='bbox 414 2750 439 2969; x_wconf 82' lang='lat' dir='ltr'>seminis</span> 
     </span>
     <span class='ocr_line' id='line_1_10' title="bbox 454 2750 486 3701; textangle 90"><span class='ocrx_word' id='word_1_34' title='bbox 454 3499 479 3701; x_wconf 87' lang='lat' dir='ltr'>nostris</span> <span class='ocrx_word' id='word_1_35' title='bbox 455 3299 479 3452; x_wconf 81' lang='lat' dir='ltr'>labor</span> <span class='ocrx_word' id='word_1_36' title='bbox 454 2899 479 3249; x_wconf 82' lang='lat' dir='ltr'>redordiendi</span> <span class='ocrx_word' id='word_1_37' title='bbox 454 2750 486 2847; x_wconf 79' lang='lat' dir='ltr'>fila</span> 
     </span>
     <span class='ocr_line' id='line_1_11' title="bbox 494 2749 526 3703; textangle 90"><span class='ocrx_word' id='word_1_38' title='bbox 500 3377 526 3703; x_wconf 83' lang='lat' dir='ltr'>rursumque</span> <span class='ocrx_word' id='word_1_39' title='bbox 494 3111 519 3346; x_wconf 81' lang='lat' dir='ltr'>texendi-</span> <span class='ocrx_word' id='word_1_40' title='bbox 494 2960 519 3089; x_wconf 87' lang='lat' dir='ltr'>Tam</span> <span class='ocrx_word' id='word_1_41' title='bbox 494 2749 519 2931; x_wconf 82' lang='lat' dir='ltr'>multi-</span> 
     </span>
     <span class='ocr_line' id='line_1_12' title="bbox 533 2746 566 3704; textangle 90"><span class='ocrx_word' id='word_1_42' title='bbox 533 3578 564 3704; x_wconf 78' lang='lat' dir='ltr'>plici</span> <span class='ocrx_word' id='word_1_43' title='bbox 540 3364 565 3547; x_wconf 85' lang='lat' dir='ltr'>opere,</span> <span class='ocrx_word' id='word_1_44' title='bbox 534 3223 558 3334; x_wconf 86' lang='lat' dir='ltr'>tam</span> <span class='ocrx_word' id='word_1_45' title='bbox 533 2898 566 3197; x_wconf 84' lang='lat' dir='ltr'>longinquo</span> <span class='ocrx_word' id='word_1_46' title='bbox 535 2746 559 2876; x_wconf 86' lang='lat' dir='ltr'>orbe</span> 
     </span>
     <span class='ocr_line' id='line_1_13' title="bbox 573 2746 606 3703; textangle 90"><span class='ocrx_word' id='word_1_47' title='bbox 573 3494 604 3703; x_wconf 87' lang='lat' dir='ltr'>petitur</span> <span class='ocrx_word' id='word_1_48' title='bbox 575 3393 598 3453; x_wconf 83' lang='lat' dir='ltr'>ut</span> <span class='ocrx_word' id='word_1_49' title='bbox 573 3291 598 3348; x_wconf 86' lang='lat' dir='ltr'>in</span> <span class='ocrx_word' id='word_1_50' title='bbox 573 3041 606 3256; x_wconf 80' lang='lat' dir='ltr'>publico</span> <span class='ocrx_word' id='word_1_51' title='bbox 575 2746 600 2997; x_wconf 78' lang='lat' dir='ltr'>matrona</span> 
     </span>
     <span class='ocr_line' id='line_1_14' title="bbox 613 3348 638 3703; textangle 90"><span class='ocrx_word' id='word_1_52' title='bbox 613 3348 638 3703; x_wconf 75' lang='lat' dir='ltr'>transluceat-</span> 
     </span>
    </p>
   </div>
   <div class='ocr_carea' id='block_1_5' title="bbox 818 3107 860 3365">
    <p class='ocr_par' dir='ltr' id='par_1_5' title="bbox 818 3107 860 3365">
     <span class='ocr_line' id='line_1_15' title="bbox 818 3107 860 3365; textangle 90"><span class='ocrx_word' id='word_1_53' title='bbox 818 3251 860 3365; x_wconf 79' lang='lat' dir='ltr'>VI,</span> <span class='ocrx_word' id='word_1_54' title='bbox 820 3107 852 3215; x_wconf 77' lang='lat'>24.</span> 
     </span>
    </p>
   </div>
   <div class='ocr_carea' id='block_1_6' title="bbox 889 2742 1355 3700">
    <p class='ocr_par' dir='ltr' id='par_1_6' title="bbox 889 2742 1355 3700">
     <span class='ocr_line' id='line_1_16' title="bbox 889 2742 920 3637; textangle 90"><span class='ocrx_word' id='word_1_55' title='bbox 889 3486 914 3637; x_wconf 75' lang='lat' dir='ltr'>Seres</span> <span class='ocrx_word' id='word_1_56' title='bbox 889 3281 914 3441; x_wconf 81' lang='lat' dir='ltr'>mites</span> <span class='ocrx_word' id='word_1_57' title='bbox 889 3004 920 3224; x_wconf 81' lang='lat' dir='ltr'>quidem</span> <span class='ocrx_word' id='word_1_58' title='bbox 889 2855 914 2953; x_wconf 88' lang='lat' dir='ltr'>sed</span> <span class='ocrx_word' id='word_1_59' title='bbox 890 2742 914 2793; x_wconf 78' lang='lat' dir='ltr'>et</span> 
     </span>
     <span class='ocr_line' id='line_1_17' title="bbox 929 2746 962 3700; textangle 90"><span class='ocrx_word' id='word_1_60' title='bbox 930 3569 962 3700; x_wconf 86' lang='lat' dir='ltr'>ipsis</span> <span class='ocrx_word' id='word_1_61' title='bbox 929 3408 954 3538; x_wconf 82' lang='lat' dir='ltr'>feris</span> <span class='ocrx_word' id='word_1_62' title='bbox 929 3075 960 3379; x_wconf 78' lang='lat' dir='ltr'>persimiles</span> <span class='ocrx_word' id='word_1_63' title='bbox 931 2855 954 3044; x_wconf 76' lang='lat' dir='ltr'>coetum</span> <span class='ocrx_word' id='word_1_64' title='bbox 936 2746 954 2833; x_wconf 79' lang='lat' dir='ltr'>re-</span> 
     </span>
     <span class='ocr_line' id='line_1_18' title="bbox 969 2747 1002 3697; textangle 90"><span class='ocrx_word' id='word_1_65' title='bbox 969 3434 1002 3697; x_wconf 79' lang='lat' dir='ltr'>liquorum</span> <span class='ocrx_word' id='word_1_66' title='bbox 970 3048 993 3358; x_wconf 76' lang='lat' dir='ltr'><em>mortalium</em></span> <span class='ocrx_word' id='word_1_67' title='bbox 970 2747 1002 2978; x_wconf 72' lang='lat' dir='ltr'>fugiunt,</span> 
     </span>
     <span class='ocr_line' id='line_1_19' title="bbox 1009 2746 1041 3696; textangle 90"><span class='ocrx_word' id='word_1_68' title='bbox 1009 3374 1034 3696; x_wconf 83' lang='lat' dir='ltr'>commercia</span> <span class='ocrx_word' id='word_1_69' title='bbox 1010 2855 1041 3341; x_wconf 74' lang='lat' dir='ltr'>exspectant.,-..---</span> <span class='ocrx_word' id='word_1_70' title='bbox 1026 2746 1034 2823; x_wconf 68' lang='lat'>.-.-</span> 
     </span>
     <span class='ocr_line' id='line_1_20' title="bbox 1049 2747 1081 3698; textangle 90"><span class='ocrx_word' id='word_1_71' title='bbox 1049 3438 1075 3698; x_wconf 85' lang='lat' dir='ltr'>Fluminis</span> <span class='ocrx_word' id='word_1_72' title='bbox 1049 3121 1074 3375; x_wconf 79' lang='lat' dir='ltr'>ulteriore</span> <span class='ocrx_word' id='word_1_73' title='bbox 1050 2946 1081 3063; x_wconf 78' lang='lat' dir='ltr'>ripa</span> <span class='ocrx_word' id='word_1_74' title='bbox 1057 2747 1074 2886; x_wconf 84' lang='lat' dir='ltr'>mer-</span> 
     </span>
     <span class='ocr_line' id='line_1_21' title="bbox 1089 2748 1121 3697; textangle 90"><span class='ocrx_word' id='word_1_75' title='bbox 1096 3608 1114 3697; x_wconf 87' lang='lat' dir='ltr'>ces</span> <span class='ocrx_word' id='word_1_76' title='bbox 1090 3384 1121 3587; x_wconf 86' lang='lat' dir='ltr'>positas</span> <span class='ocrx_word' id='word_1_77' title='bbox 1090 3215 1121 3368; x_wconf 81' lang='lat' dir='ltr'>juxta</span> <span class='ocrx_word' id='word_1_78' title='bbox 1089 2984 1114 3196; x_wconf 78' lang='lat' dir='ltr'>venalia</span> <span class='ocrx_word' id='word_1_79' title='bbox 1089 2841 1114 2955; x_wconf 82' lang='lat' dir='ltr'>tolli</span> <span class='ocrx_word' id='word_1_80' title='bbox 1090 2748 1115 2817; x_wconf 86' lang='lat' dir='ltr'>ab</span> 
     </span>
     <span class='ocr_line' id='line_1_22' title="bbox 1129 2751 1161 3697; textangle 90"><span class='ocrx_word' id='word_1_81' title='bbox 1130 3597 1159 3697; x_wconf 84' lang='lat' dir='ltr'>his,</span> <span class='ocrx_word' id='word_1_82' title='bbox 1129 3523 1153 3569; x_wconf 91' lang='lat' dir='ltr'>si</span> <span class='ocrx_word' id='word_1_83' title='bbox 1129 3283 1161 3495; x_wconf 78' lang='lat' dir='ltr'>placeat</span> <span class='ocrx_word' id='word_1_84' title='bbox 1129 2782 1161 3256; x_wconf 83' lang='lat' dir='ltr'>permutatio.-----</span> <span class='ocrx_word' id='word_1_85' title='bbox 1148 2751 1154 2763; x_wconf 90' lang='lat'>-</span> 
     </span>
     <span class='ocr_line' id='line_1_23' title="bbox 1169 2747 1202 3695; textangle 90"><span class='ocrx_word' id='word_1_86' title='bbox 1169 3545 1194 3695; x_wconf 89' lang='lat' dir='ltr'>nullo</span> <span class='ocrx_word' id='word_1_87' title='bbox 1169 3188 1194 3514; x_wconf 85' lang='lat' dir='ltr'>commercio</span> <span class='ocrx_word' id='word_1_88' title='bbox 1169 2894 1202 3155; x_wconf 77' lang='lat' dir='ltr'>linguae--.</span> <span class='ocrx_word' id='word_1_89' title='bbox 1177 2747 1195 2860; x_wconf 91' lang='lat' dir='ltr'>non</span> 
     </span>
     <span class='ocr_line' id='line_1_24' title="bbox 1208 2751 1240 3697; textangle 90"><span class='ocrx_word' id='word_1_90' title='bbox 1209 3545 1234 3697; x_wconf 79' lang='lat' dir='ltr'>aliter</span> <span class='ocrx_word' id='word_1_91' title='bbox 1208 3357 1233 3481; x_wconf 89' lang='lat' dir='ltr'>odio</span> <span class='ocrx_word' id='word_1_92' title='bbox 1209 3065 1239 3296; x_wconf 79' lang='lat' dir='ltr'>justiore</span> <span class='ocrx_word' id='word_1_93' title='bbox 1208 2751 1240 2999; x_wconf 68' lang='lat' dir='ltr'>luxuries,</span> 
     </span>
     <span class='ocr_line' id='line_1_25' title="bbox 1248 2748 1281 3695; textangle 90"><span class='ocrx_word' id='word_1_94' title='bbox 1256 3536 1281 3695; x_wconf 86' lang='lat' dir='ltr'>quam</span> <span class='ocrx_word' id='word_1_95' title='bbox 1248 3441 1273 3488; x_wconf 89' lang='lat' dir='ltr'>si</span> <span class='ocrx_word' id='word_1_96' title='bbox 1248 3134 1280 3397; x_wconf 84' lang='lat' dir='ltr'>perducta</span> <span class='ocrx_word' id='word_1_97' title='bbox 1256 2929 1274 3082; x_wconf 86' lang='lat' dir='ltr'>mens</span> <span class='ocrx_word' id='word_1_98' title='bbox 1249 2748 1274 2878; x_wconf 86' lang='lat' dir='ltr'>illuc</span> 
     </span>
     <span class='ocr_line' id='line_1_26' title="bbox 1289 2744 1321 3696; textangle 90"><span class='ocrx_word' id='word_1_99' title='bbox 1295 3524 1320 3696; x_wconf 88' lang='lat' dir='ltr'>usque</span> <span class='ocrx_word' id='word_1_100' title='bbox 1289 3291 1320 3492; x_wconf 80' lang='lat' dir='ltr'>cogitet</span> <span class='ocrx_word' id='word_1_101' title='bbox 1289 3136 1321 3267; x_wconf 86' lang='lat' dir='ltr'>quid</span> <span class='ocrx_word' id='word_1_102' title='bbox 1290 3051 1314 3104; x_wconf 87' lang='lat' dir='ltr'>et</span> <span class='ocrx_word' id='word_1_103' title='bbox 1296 2922 1321 3030; x_wconf 87' lang='lat' dir='ltr'>quo</span> <span class='ocrx_word' id='word_1_104' title='bbox 1290 2744 1321 2897; x_wconf 80' lang='lat' dir='ltr'>peta—</span> 
     </span>
     <span class='ocr_line' id='line_1_27' title="bbox 1332 3591 1355 3699; textangle 90"><span class='ocrx_word' id='word_1_105' title='bbox 1332 3591 1355 3699; x_wconf 89' lang='lat' dir='ltr'>tur.</span> 
     </span>
    </p>
   </div>
   <div class='ocr_carea' id='block_1_7' title="bbox 244 1779 306 2577">
    <p class='ocr_par' dir='ltr' id='par_1_7' title="bbox 244 1779 306 2577">
     <span class='ocr_line' id='line_1_28' title="bbox 244 1779 306 2577; textangle 90"><span class='ocrx_word' id='word_1_106' title='bbox 264 2319 306 2577; x_wconf 67' lang='lat' dir='ltr'>Anam„</span> <span class='ocrx_word' id='word_1_107' title='bbox 244 2025 305 2283; x_wconf 70' lang='lat' dir='ltr'>XX111;</span> <span class='ocrx_word' id='word_1_108' title='bbox 265 1923 304 1985; x_wconf 83' lang='lat'>6,</span> <span class='ocrx_word' id='word_1_109' title='bbox 265 1779 298 1885; x_wconf 83' lang='lat'>67.</span> 
     </span>
    </p>
   </div>
   <div class='ocr_carea' id='block_1_8' title="bbox 333 1692 728 2649">
    <p class='ocr_par' dir='ltr' id='par_1_8' title="bbox 333 1692 728 2649">
     <span class='ocr_line' id='line_1_29' title="bbox 333 1699 360 2648; textangle 90"><span class='ocrx_word' id='word_1_110' title='bbox 335 2594 358 2648; x_wconf 85' lang='lat' dir='ltr'>et</span> <span class='ocrx_word' id='word_1_111' title='bbox 333 2324 359 2540; x_wconf 78' lang='lat' dir='ltr'>abunde</span> <span class='ocrx_word' id='word_1_112' title='bbox 334 2122 359 2269; x_wconf 77' lang='lat' dir='ltr'>silvae</span> <span class='ocrx_word' id='word_1_113' title='bbox 335 1769 360 2064; x_wconf 79' lang='lat' dir='ltr'>sublucidae</span> <span class='ocrx_word' id='word_1_114' title='bbox 343 1699 360 1730; x_wconf 85' lang='lat' dir='ltr'>a</span> 
     </span>
     <span class='ocr_line' id='line_1_30' title="bbox 373 1701 408 2646; textangle 90"><span class='ocrx_word' id='word_1_115' title='bbox 374 2449 408 2646; x_wconf 83' lang='lat' dir='ltr'>quihus</span> <span class='ocrx_word' id='word_1_116' title='bbox 373 2171 399 2420; x_wconf 79' lang='lat' dir='ltr'>arborum</span> <span class='ocrx_word' id='word_1_117' title='bbox 375 1997 400 2138; x_wconf 76' lang='lat' dir='ltr'>fetus</span> <span class='ocrx_word' id='word_1_118' title='bbox 382 1701 408 1959; x_wconf 65' lang='lat' dir='ltr'>aquarutn</span> 
     </span>
     <span class='ocr_line' id='line_1_31' title="bbox 414 1702 447 2647; textangle 90"><span class='ocrx_word' id='word_1_119' title='bbox 414 2281 447 2647; x_wconf 70' lang='lat' dir='ltr'>asperyinibus</span> <span class='ocrx_word' id='word_1_120' title='bbox 415 2050 440 2253; x_wconf 86' lang='lat' dir='ltr'>crebris</span> <span class='ocrx_word' id='word_1_121' title='bbox 415 1877 440 2020; x_wconf 81' lang='lat' dir='ltr'>velut</span> <span class='ocrx_word' id='word_1_122' title='bbox 421 1702 447 1846; x_wconf 81' lang='lat' dir='ltr'>quoe-</span> 
     </span>
     <span class='ocr_line' id='line_1_32' title="bbox 454 1701 480 2647; textangle 90"><span class='ocrx_word' id='word_1_123' title='bbox 455 2523 480 2647; x_wconf 85' lang='lat' dir='ltr'>dam</span> <span class='ocrx_word' id='word_1_124' title='bbox 454 2295 480 2493; x_wconf 78' lang='lat' dir='ltr'>vellera</span> <span class='ocrx_word' id='word_1_125' title='bbox 455 1980 480 2266; x_wconf 85' lang='lat' dir='ltr'>molientes</span> <span class='ocrx_word' id='word_1_126' title='bbox 462 1890 480 1954; x_wconf 86' lang='lat' dir='ltr'>ex</span> <span class='ocrx_word' id='word_1_127' title='bbox 455 1701 480 1861; x_wconf 78' lang='lat' dir='ltr'>lanu-</span> 
     </span>
     <span class='ocr_line' id='line_1_33' title="bbox 494 1697 528 2649; textangle 90"><span class='ocrx_word' id='word_1_128' title='bbox 495 2529 528 2649; x_wconf 80' lang='lat' dir='ltr'>9ine</span> <span class='ocrx_word' id='word_1_129' title='bbox 497 2447 519 2500; x_wconf 90' lang='lat' dir='ltr'>et</span> <span class='ocrx_word' id='word_1_130' title='bbox 494 2205 527 2408; x_wconf 80' lang='lat' dir='ltr'>liquore</span> <span class='ocrx_word' id='word_1_131' title='bbox 496 1947 520 2167; x_wconf 80' lang='lat' dir='ltr'>mixtam</span> <span class='ocrx_word' id='word_1_132' title='bbox 494 1697 520 1904; x_wconf 76' lang='lat' dir='ltr'>subtili-</span> 
     </span>
     <span class='ocr_line' id='line_1_34' title="bbox 535 1694 567 2640; textangle 90"><span class='ocrx_word' id='word_1_133' title='bbox 536 2481 560 2640; x_wconf 75' lang='lat' dir='ltr'>tatem</span> <span class='ocrx_word' id='word_1_134' title='bbox 535 2117 559 2453; x_wconf 76' lang='lat' dir='ltr'>tenerrimam</span> <span class='ocrx_word' id='word_1_135' title='bbox 536 1848 567 2090; x_wconf 85' lang='lat' dir='ltr'>pectunt,</span> <span class='ocrx_word' id='word_1_136' title='bbox 542 1694 560 1828; x_wconf 89' lang='lat' dir='ltr'>nen-</span> 
     </span>
     <span class='ocr_line' id='line_1_35' title="bbox 574 1695 606 2642; textangle 90"><span class='ocrx_word' id='word_1_137' title='bbox 576 2558 600 2642; x_wconf 75' lang='lat' dir='ltr'>tes</span> <span class='ocrx_word' id='word_1_138' title='bbox 575 2182 606 2524; x_wconf 74' lang='lat' dir='ltr'>subtegmina</span> <span class='ocrx_word' id='word_1_139' title='bbox 574 1866 600 2157; x_wconf 79' lang='lat' dir='ltr'>conficiunt</span> <span class='ocrx_word' id='word_1_140' title='bbox 576 1695 600 1838; x_wconf 77' lang='lat' dir='ltr'>Seri-</span> 
     </span>
     <span class='ocr_line' id='line_1_36' title="bbox 615 1697 644 2644; textangle 90"><span class='ocrx_word' id='word_1_141' title='bbox 622 2526 640 2644; x_wconf 77' lang='lat' dir='ltr'>cum</span> <span class='ocrx_word' id='word_1_142' title='bbox 615 2431 639 2498; x_wconf 82' lang='lat' dir='ltr'>ad</span> <span class='ocrx_word' id='word_1_143' title='bbox 622 2267 639 2401; x_wconf 85' lang='lat' dir='ltr'>usus</span> <span class='ocrx_word' id='word_1_144' title='bbox 615 2011 639 2242; x_wconf 81' lang='lat' dir='ltr'>antehac</span> <span class='ocrx_word' id='word_1_145' title='bbox 615 1697 644 1968; x_wconf 80' lang='lat' dir='ltr'>nobilium,</span> 
     </span>
     <span class='ocr_line' id='line_1_37' title="bbox 654 1692 687 2641; textangle 90"><span class='ocrx_word' id='word_1_146' title='bbox 662 2495 680 2641; x_wconf 85' lang='lat' dir='ltr'>nunc</span> <span class='ocrx_word' id='word_1_147' title='bbox 656 2301 680 2464; x_wconf 84' lang='lat' dir='ltr'>etiam</span> <span class='ocrx_word' id='word_1_148' title='bbox 655 1967 687 2272; x_wconf 76' lang='lat' dir='ltr'>infimorum</span> <span class='ocrx_word' id='word_1_149' title='bbox 655 1827 680 1946; x_wconf 85' lang='lat' dir='ltr'>sine</span> <span class='ocrx_word' id='word_1_150' title='bbox 654 1692 680 1802; x_wconf 87' lang='lat' dir='ltr'>ulla</span> 
     </span>
     <span class='ocr_line' id='line_1_38' title="bbox 695 1988 728 2641; textangle 90"><span class='ocrx_word' id='word_1_151' title='bbox 695 2317 720 2641; x_wconf 74' lang='lat' dir='ltr'>discretione</span> <span class='ocrx_word' id='word_1_152' title='bbox 695 1988 728 2296; x_wconf 70' lang='lat' dir='ltr'>proficiens·</span> 
     </span>
    </p>
   </div>
   <div class='ocr_carea' id='block_1_9' title="bbox 819 1913 860 2420">
    <p class='ocr_par' dir='ltr' id='par_1_9' title="bbox 819 1913 860 2420">
     <span class='ocr_line' id='line_1_39' title="bbox 819 1913 860 2420; textangle 90"><span class='ocrx_word' id='word_1_153' title='bbox 819 2165 860 2420; x_wconf 88' lang='lat' dir='ltr'><strong>XXIII,</strong></span> <span class='ocrx_word' id='word_1_154' title='bbox 820 2059 859 2122; x_wconf 83' lang='lat'>6,</span> <span class='ocrx_word' id='word_1_155' title='bbox 820 1913 853 2020; x_wconf 78' lang='lat'>68.</span> 
     </span>
    </p>
   </div>
   <div class='ocr_carea' id='block_1_10' title="bbox 885 1685 1162 2640">
    <p class='ocr_par' dir='ltr' id='par_1_10' title="bbox 885 1685 1162 2640">
     <span class='ocr_line' id='line_1_40' title="bbox 885 1687 922 2579; textangle 90"><span class='ocrx_word' id='word_1_156' title='bbox 890 2472 922 2579; x_wconf 76' lang='lat' dir='ltr'>Ipsi</span> <span class='ocrx_word' id='word_1_157' title='bbox 885 2235 921 2448; x_wconf 73' lang='lat' dir='ltr'>praeter‘</span> <span class='ocrx_word' id='word_1_158' title='bbox 889 2076 914 2210; x_wconf 75' lang='lat' dir='ltr'>allos</span> <span class='ocrx_word' id='word_1_159' title='bbox 888 1687 921 2036; x_wconf 74' lang='lat' dir='ltr'>frugalissimi</span> 
     </span>
     <span class='ocr_line' id='line_1_41' title="bbox 929 1692 962 2640; textangle 90"><span class='ocrx_word' id='word_1_160' title='bbox 929 2355 962 2640; x_wconf 81' lang='lat' dir='ltr'>pacatioris</span> <span class='ocrx_word' id='word_1_161' title='bbox 929 2213 953 2336; x_wconf 74' lang='lat' dir='ltr'>vitae</span> <span class='ocrx_word' id='word_1_162' title='bbox 929 1944 958 2196; x_wconf 76' lang='lat' dir='ltr'>cultores,</span> <span class='ocrx_word' id='word_1_163' title='bbox 930 1692 954 1924; x_wconf 74' lang='lat' dir='ltr'>vitantes</span> 
     </span>
     <span class='ocr_line' id='line_1_42' title="bbox 969 1687 1002 2640; textangle 90"><span class='ocrx_word' id='word_1_164' title='bbox 969 2316 1002 2640; x_wconf 78' lang='lat' dir='ltr'>reliquorum</span> <span class='ocrx_word' id='word_1_165' title='bbox 969 1931 994 2239; x_wconf 77' lang='lat' dir='ltr'>mortalium</span> <span class='ocrx_word' id='word_1_166' title='bbox 971 1687 994 1852; x_wconf 78' lang='lat' dir='ltr'>eaetus</span> 
     </span>
     <span class='ocr_line' id='line_1_43' title="bbox 1008 1687 1041 2639; textangle 90"><span class='ocrx_word' id='word_1_167' title='bbox 1016 2407 1041 2639; x_wconf 87' lang='lat' dir='ltr'>cumque</span> <span class='ocrx_word' id='word_1_168' title='bbox 1011 2299 1034 2366; x_wconf 84' lang='lat' dir='ltr'>ad</span> <span class='ocrx_word' id='word_1_169' title='bbox 1016 2031 1035 2253; x_wconf 86' lang='lat' dir='ltr'>eeeeee</span> <span class='ocrx_word' id='word_1_170' title='bbox 1009 1957 1035 2025; x_wconf 88' lang='lat' dir='ltr'>da</span> <span class='ocrx_word' id='word_1_171' title='bbox 1008 1822 1040 1917; x_wconf 76' lang='lat' dir='ltr'>fila</span> <span class='ocrx_word' id='word_1_172' title='bbox 1009 1687 1034 1772; x_wconf 80' lang='lat' dir='ltr'>vel</span> 
     </span>
     <span class='ocr_line' id='line_1_44' title="bbox 1049 1690 1081 2636; textangle 90"><span class='ocrx_word' id='word_1_173' title='bbox 1049 2384 1081 2636; x_wconf 76' lang='lat' dir='ltr'>quaedam</span> <span class='ocrx_word' id='word_1_174' title='bbox 1049 2232 1074 2336; x_wconf 86' lang='lat' dir='ltr'>alia</span> <span class='ocrx_word' id='word_1_175' title='bbox 1050 1970 1081 2190; x_wconf 72' lang='lat' dir='ltr'>fluvium</span> <span class='ocrx_word' id='word_1_176' title='bbox 1050 1690 1074 1910; x_wconf 76' lang='lat' dir='ltr'>transie-</span> 
     </span>
     <span class='ocr_line' id='line_1_45' title="bbox 1089 1691 1120 2638; textangle 90"><span class='ocrx_word' id='word_1_177' title='bbox 1092 2510 1114 2638; x_wconf 77' lang='lat' dir='ltr'>runt</span> <span class='ocrx_word' id='word_1_178' title='bbox 1089 2233 1120 2477; x_wconf 82' lang='lat' dir='ltr'>advenae,</span> <span class='ocrx_word' id='word_1_179' title='bbox 1089 2032 1114 2182; x_wconf 85' lang='lat' dir='ltr'>nulla</span> <span class='ocrx_word' id='word_1_180' title='bbox 1096 1691 1115 2000; x_wconf 85' lang='lat' dir='ltr'>sermonum</span> 
     </span>
     <span class='ocr_line' id='line_1_46' title="bbox 1130 1685 1162 2638; textangle 90"><span class='ocrx_word' id='word_1_181' title='bbox 1130 2524 1154 2638; x_wconf 83' lang='lat' dir='ltr'>vice</span> <span class='ocrx_word' id='word_1_182' title='bbox 1130 2235 1161 2481; x_wconf 84' lang='lat' dir='ltr'>proposit</span> <span class='ocrx_word' id='word_1_183' title='bbox 1136 1909 1155 2232; x_wconf 81' lang='lat' dir='ltr'>rrrrrrrr</span> <span class='ocrx_word' id='word_1_184' title='bbox 1137 1853 1154 1903; x_wconf 85' lang='lat' dir='ltr'>tn</span> <span class='ocrx_word' id='word_1_185' title='bbox 1137 1685 1162 1808; x_wconf 88' lang='lat' dir='ltr'>pre—</span> 
     </span>
    </p>
   </div>
   <div class='ocr_carea' id='block_1_11' title="bbox 1169 1664 1200 2641">
    <p class='ocr_par' dir='ltr' id='par_1_11' title="bbox 1169 1664 1200 2641">
     <span class='ocr_line' id='line_1_47' title="bbox 1169 1664 1200 2641; textangle 90"><span class='ocrx_word' id='word_1_186' title='bbox 1170 2563 1195 2641; x_wconf 85' lang='lat' dir='ltr'>tia</span> <span class='ocrx_word' id='word_1_187' title='bbox 1170 2396 1194 2527; x_wconf 89' lang='lat' dir='ltr'>solis</span> <span class='ocrx_word' id='word_1_188' title='bbox 1169 2186 1194 2352; x_wconf 76' lang='lat' dir='ltr'>oculis</span> <span class='ocrx_word' id='word_1_189' title='bbox 1171 1793 1200 2147; x_wconf 64' lang='lat' dir='ltr'>aestimantur,</span> <span class='ocrx_word' id='word_1_190' title='bbox 1170 1664 1195 1742; x_wconf 60' lang='lat' dir='ltr'>et&lt;</span> 
     </span>
    </p>
   </div>
   <div class='ocr_carea' id='block_1_12' title="bbox 1210 1687 1322 2641">
    <p class='ocr_par' dir='ltr' id='par_1_12' title="bbox 1210 1687 1322 2641">
     <span class='ocr_line' id='line_1_48' title="bbox 1210 1687 1242 2641; textangle 90"><span class='ocrx_word' id='word_1_191' title='bbox 1211 2567 1234 2641; x_wconf 79' lang='lat' dir='ltr'>ita</span> <span class='ocrx_word' id='word_1_192' title='bbox 1211 2408 1235 2536; x_wconf 88' lang='lat' dir='ltr'>sunt</span> <span class='ocrx_word' id='word_1_193' title='bbox 1210 2045 1235 2381; x_wconf 84' lang='lat' dir='ltr'>abstinentes</span> <span class='ocrx_word' id='word_1_194' title='bbox 1213 1953 1235 2011; x_wconf 74' lang='lat' dir='ltr'>ut</span> <span class='ocrx_word' id='word_1_195' title='bbox 1210 1776 1242 1925; x_wconf 86' lang='lat' dir='ltr'>apud</span> <span class='ocrx_word' id='word_1_196' title='bbox 1216 1687 1235 1744; x_wconf 81' lang='lat' dir='ltr'>se</span> 
     </span>
     <span class='ocr_line' id='line_1_49' title="bbox 1249 1687 1283 2637; textangle 90"><span class='ocrx_word' id='word_1_197' title='bbox 1249 2373 1275 2637; x_wconf 73' lang='lat' dir='ltr'>tradentes</span> <span class='ocrx_word' id='word_1_198' title='bbox 1250 2040 1282 2322; x_wconf 82' lang='lat' dir='ltr'>gignentia</span> <span class='ocrx_word' id='word_1_199' title='bbox 1250 1845 1275 1979; x_wconf 73' lang='lat' dir='ltr'>nihil</span> <span class='ocrx_word' id='word_1_200' title='bbox 1251 1687 1283 1794; x_wconf 90' lang='lat' dir='ltr'>ipsi</span> 
     </span>
     <span class='ocr_line' id='line_1_50' title="bbox 1290 1911 1322 2640; textangle 90"><span class='ocrx_word' id='word_1_201' title='bbox 1291 2326 1322 2640; x_wconf 78' lang='lat' dir='ltr'>comparent</span> <span class='ocrx_word' id='word_1_202' title='bbox 1290 1911 1316 2298; x_wconf 84' lang='lat' dir='ltr'>adventicium-</span> 
     </span>
    </p>
   </div>
   <div class='ocr_carea' id='block_1_13' title="bbox 264 824 305 1418">
    <p class='ocr_par' dir='ltr' id='par_1_13' title="bbox 264 824 305 1418">
     <span class='ocr_line' id='line_1_51' title="bbox 264 824 305 1418; textangle 90"><span class='ocrx_word' id='word_1_203' title='bbox 264 1170 305 1418; x_wconf 83' lang='lat' dir='ltr'>Solin.‚</span> <span class='ocrx_word' id='word_1_204' title='bbox 265 1025 305 1134; x_wconf 82' lang='lat'>50,</span> <span class='ocrx_word' id='word_1_205' title='bbox 266 925 305 990; x_wconf 84' lang='lat'>2,</span> <span class='ocrx_word' id='word_1_206' title='bbox 264 824 297 893; x_wconf 82' lang='lat'>4:</span> 
     </span>
    </p>
   </div>
   <div class='ocr_carea' id='block_1_14' title="bbox 334 638 766 1598">
    <p class='ocr_par' dir='ltr' id='par_1_14' title="bbox 334 638 766 1598">
     <span class='ocr_line' id='line_1_52' title="bbox 334 645 367 1596; textangle 90"><span class='ocrx_word' id='word_1_207' title='bbox 334 1503 365 1596; x_wconf 85' lang='lat' dir='ltr'>qui</span> <span class='ocrx_word' id='word_1_208' title='bbox 341 1218 367 1481; x_wconf 68' lang='lat' dir='ltr'>aquarum</span> <span class='ocrx_word' id='word_1_209' title='bbox 342 901 367 1186; x_wconf 72' lang='lat' dir='ltr'>asper-,qens</span> <span class='ocrx_word' id='word_1_210' title='bbox 335 645 360 877; x_wconf 82' lang='lat' dir='ltr'>inunda-</span> 
     </span>
     <span class='ocr_line' id='line_1_53' title="bbox 373 644 400 1597; textangle 90"><span class='ocrx_word' id='word_1_211' title='bbox 373 1526 398 1597; x_wconf 88' lang='lat' dir='ltr'>tis</span> <span class='ocrx_word' id='word_1_212' title='bbox 374 1193 400 1481; x_wconf 77' lang='lat' dir='ltr'>frondibus</span> <span class='ocrx_word' id='word_1_213' title='bbox 375 947 400 1146; x_wconf 77' lang='lat' dir='ltr'>vellera</span> <span class='ocrx_word' id='word_1_214' title='bbox 374 644 400 896; x_wconf 79' lang='lat' dir='ltr'>arborum</span> 
     </span>
     <span class='ocr_line' id='line_1_54' title="bbox 413 643 448 1598; textangle 90"><span class='ocrx_word' id='word_1_215' title='bbox 413 1267 440 1598; x_wconf 85' lang='lat' dir='ltr'>adminiculo</span> <span class='ocrx_word' id='word_1_216' title='bbox 415 923 447 1215; x_wconf 80' lang='lat' dir='ltr'>depectunt</span> <span class='ocrx_word' id='word_1_217' title='bbox 415 643 448 865; x_wconf 76' lang='lat' dir='ltr'>liquoris</span> 
     </span>
     <span class='ocr_line' id='line_1_55' title="bbox 454 645 486 1596; textangle 90"><span class='ocrx_word' id='word_1_218' title='bbox 456 1543 478 1596; x_wconf 82' lang='lat' dir='ltr'>et</span> <span class='ocrx_word' id='word_1_219' title='bbox 454 1229 486 1500; x_wconf 68' lang='lat' dir='ltr'>lanuyinis</span> <span class='ocrx_word' id='word_1_220' title='bbox 457 943 480 1179; x_wconf 73' lang='lat' dir='ltr'>teneram</span> <span class='ocrx_word' id='word_1_221' title='bbox 455 645 481 916; x_wconf 68' lang='lat' dir='ltr'>subtilita-</span> 
     </span>
     <span class='ocr_line' id='line_1_56' title="bbox 494 638 520 1595; textangle 90"><span class='ocrx_word' id='word_1_222' title='bbox 495 1491 519 1595; x_wconf 72' lang='lat' dir='ltr'>tem</span> <span class='ocrx_word' id='word_1_223' title='bbox 494 1411 519 1446; x_wconf 86' lang='lat' dir='ltr'><strong>h</strong></span> <span class='ocrx_word' id='word_1_224' title='bbox 501 1216 520 1404; x_wconf 85' lang='lat' dir='ltr'>uuuuu</span> <span class='ocrx_word' id='word_1_225' title='bbox 495 943 520 1171; x_wconf 84' lang='lat' dir='ltr'>domant</span> <span class='ocrx_word' id='word_1_226' title='bbox 495 828 520 896; x_wconf 87' lang='lat' dir='ltr'>ad</span> <span class='ocrx_word' id='word_1_227' title='bbox 495 638 520 788; x_wconf 84' lang='lat' dir='ltr'>obse-</span> 
     </span>
     <span class='ocr_line' id='line_1_57' title="bbox 534 645 565 1592; textangle 90"><span class='ocrx_word' id='word_1_228' title='bbox 534 1384 565 1592; x_wconf 86' lang='lat' dir='ltr'>quium-</span> <span class='ocrx_word' id='word_1_229' title='bbox 535 1240 560 1354; x_wconf 86' lang='lat' dir='ltr'>Hoc</span> <span class='ocrx_word' id='word_1_230' title='bbox 535 1083 560 1214; x_wconf 79' lang='lat' dir='ltr'>illud</span> <span class='ocrx_word' id='word_1_231' title='bbox 537 975 560 1054; x_wconf 81' lang='lat' dir='ltr'>est</span> <span class='ocrx_word' id='word_1_232' title='bbox 535 725 560 956; x_wconf 67' lang='lat' dir='ltr'>Ser-icum</span> <span class='ocrx_word' id='word_1_233' title='bbox 535 645 560 700; x_wconf 77' lang='lat' dir='ltr'>in</span> 
     </span>
     <span class='ocr_line' id='line_1_58' title="bbox 574 639 606 1591; textangle 90"><span class='ocrx_word' id='word_1_234' title='bbox 580 1435 599 1591; x_wconf 75' lang='lat' dir='ltr'>usum</span> <span class='ocrx_word' id='word_1_235' title='bbox 574 1124 606 1397; x_wconf 79' lang='lat' dir='ltr'>publicum</span> <span class='ocrx_word' id='word_1_236' title='bbox 574 887 600 1086; x_wconf 86' lang='lat' dir='ltr'>damno</span> <span class='ocrx_word' id='word_1_237' title='bbox 575 639 601 842; x_wconf 79' lang='lat' dir='ltr'>severi-</span> 
     </span>
     <span class='ocr_line' id='line_1_59' title="bbox 614 642 647 1588; textangle 90"><span class='ocrx_word' id='word_1_238' title='bbox 615 1464 639 1588; x_wconf 83' lang='lat' dir='ltr'>tatis</span> <span class='ocrx_word' id='word_1_239' title='bbox 614 1132 640 1431; x_wconf 86' lang='lat' dir='ltr'>adtnissum</span> <span class='ocrx_word' id='word_1_240' title='bbox 616 1063 639 1115; x_wconf 82' lang='lat' dir='ltr'>ct</span> <span class='ocrx_word' id='word_1_241' title='bbox 622 933 647 1040; x_wconf 89' lang='lat' dir='ltr'>quo</span> <span class='ocrx_word' id='word_1_242' title='bbox 616 642 640 915; x_wconf 86' lang='lat' dir='ltr'>ostentare</span> 
     </span>
     <span class='ocr_line' id='line_1_60' title="bbox 654 640 686 1585; textangle 90"><span class='ocrx_word' id='word_1_243' title='bbox 654 1405 686 1585; x_wconf 89' lang='lat' dir='ltr'>potius</span> <span class='ocrx_word' id='word_1_244' title='bbox 661 1114 686 1343; x_wconf 88' lang='lat' dir='ltr'>corpora</span> <span class='ocrx_word' id='word_1_245' title='bbox 661 891 686 1055; x_wconf 84' lang='lat' dir='ltr'>quam</span> <span class='ocrx_word' id='word_1_246' title='bbox 655 640 680 837; x_wconf 77' lang='lat' dir='ltr'>vestire</span> 
     </span>
     <span class='ocr_line' id='line_1_61' title="bbox 694 638 727 1583; textangle 90"><span class='ocrx_word' id='word_1_247' title='bbox 694 1407 725 1583; x_wconf 83' lang='lat' dir='ltr'>primo</span> <span class='ocrx_word' id='word_1_248' title='bbox 694 1165 727 1377; x_wconf 69' lang='lat' dir='ltr'>feminis</span> <span class='ocrx_word' id='word_1_249' title='bbox 701 991 720 1138; x_wconf 81' lang='lat' dir='ltr'>nune</span> <span class='ocrx_word' id='word_1_250' title='bbox 695 801 720 961; x_wconf 86' lang='lat' dir='ltr'>etiam</span> <span class='ocrx_word' id='word_1_251' title='bbox 694 638 720 771; x_wconf 77' lang='lat' dir='ltr'>viris</span> 
     </span>
     <span class='ocr_line' id='line_1_62' title="bbox 734 1101 766 1582; textangle 90"><span class='ocrx_word' id='word_1_252' title='bbox 735 1312 766 1582; x_wconf 79' lang='lat' dir='ltr'>persuasit</span> <span class='ocrx_word' id='word_1_253' title='bbox 734 1101 759 1285; x_wconf 87' lang='lat' dir='ltr'>libido-</span> 
     </span>
    </p>
   </div>
   <div class='ocr_carea' id='block_1_15' title="bbox 821 1059 854 1165">
    <p class='ocr_par' dir='ltr' id='par_1_15' title="bbox 821 1059 854 1165">
     <span class='ocr_line' id='line_1_63' title="bbox 821 1059 854 1165; textangle 90"><span class='ocrx_word' id='word_1_254' title='bbox 821 1059 854 1165; x_wconf 80' lang='lat'>51-</span> 
     </span>
    </p>
   </div>
   <div class='ocr_carea' id='block_1_16' title="bbox 890 633 1323 1587">
    <p class='ocr_par' dir='ltr' id='par_1_16' title="bbox 890 633 1323 1587">
     <span class='ocr_line' id='line_1_64' title="bbox 890 640 922 1522; textangle 90"><span class='ocrx_word' id='word_1_255' title='bbox 890 1371 914 1522; x_wconf 75' lang='lat' dir='ltr'>Seres</span> <span class='ocrx_word' id='word_1_256' title='bbox 890 1225 922 1331; x_wconf 85' lang='lat' dir='ltr'>ipsi</span> <span class='ocrx_word' id='word_1_257' title='bbox 891 952 922 1174; x_wconf 85' lang='lat' dir='ltr'>quidem</span> <span class='ocrx_word' id='word_1_258' title='bbox 891 741 916 898; x_wconf 84' lang='lat' dir='ltr'>mites</span> <span class='ocrx_word' id='word_1_259' title='bbox 893 640 917 692; x_wconf 87' lang='lat' dir='ltr'>et</span> 
     </span>
     <span class='ocr_line' id='line_1_65' title="bbox 931 644 962 1587; textangle 90"><span class='ocrx_word' id='word_1_260' title='bbox 931 1382 956 1587; x_wconf 83' lang='lat' dir='ltr'>interse</span> <span class='ocrx_word' id='word_1_261' title='bbox 931 1014 962 1340; x_wconf 79' lang='lat' dir='ltr'>quietissimi</span> <span class='ocrx_word' id='word_1_262' title='bbox 932 929 955 982; x_wconf 89' lang='lat' dir='ltr'>et</span> <span class='ocrx_word' id='word_1_263' title='bbox 931 797 962 890; x_wconf 90' lang='lat' dir='ltr'>qui</span> <span class='ocrx_word' id='word_1_264' title='bbox 931 644 956 770; x_wconf 78' lang='lat' dir='ltr'>reli-</span> 
     </span>
     <span class='ocr_line' id='line_1_66' title="bbox 971 635 1003 1585; textangle 90"><span class='ocrx_word' id='word_1_265' title='bbox 977 1364 1003 1585; x_wconf 80' lang='lat' dir='ltr'>quorum</span> <span class='ocrx_word' id='word_1_266' title='bbox 971 1015 996 1326; x_wconf 71' lang='lat' dir='ltr'>mortalium</span> <span class='ocrx_word' id='word_1_267' title='bbox 973 810 996 976; x_wconf 69' lang='lat' dir='ltr'>coecus</span> <span class='ocrx_word' id='word_1_268' title='bbox 972 635 997 784; x_wconf 76' lang='lat' dir='ltr'>refu-</span> 
     </span>
     <span class='ocr_line' id='line_1_67' title="bbox 1011 633 1044 1584; textangle 90"><span class='ocrx_word' id='word_1_269' title='bbox 1011 1413 1042 1584; x_wconf 86' lang='lat' dir='ltr'>giant,</span> <span class='ocrx_word' id='word_1_270' title='bbox 1011 1245 1035 1381; x_wconf 85' lang='lat' dir='ltr'>adeo</span> <span class='ocrx_word' id='word_1_271' title='bbox 1013 1141 1035 1225; x_wconf 77' lang='lat' dir='ltr'>-ut</span> <span class='ocrx_word' id='word_1_272' title='bbox 1013 808 1036 1111; x_wconf 80' lang='lat' dir='ltr'>ceterarum</span> <span class='ocrx_word' id='word_1_273' title='bbox 1019 633 1044 766; x_wconf 86' lang='lat' dir='ltr'>gen-</span> 
     </span>
     <span class='ocr_line' id='line_1_68' title="bbox 1051 633 1076 1581; textangle 90"><span class='ocrx_word' id='word_1_274' title='bbox 1052 1446 1075 1581; x_wconf 85' lang='lat' dir='ltr'>tium</span> <span class='ocrx_word' id='word_1_275' title='bbox 1051 1096 1076 1417; x_wconf 84' lang='lat' dir='ltr'>commercia</span> <span class='ocrx_word' id='word_1_276' title='bbox 1052 796 1076 1063; x_wconf 83' lang='lat' dir='ltr'>abnuant.</span> <span class='ocrx_word' id='word_1_277' title='bbox 1052 633 1076 748; x_wconf 87' lang='lat' dir='ltr'>Pri—</span> 
     </span>
     <span class='ocr_line' id='line_1_69' title="bbox 1091 636 1123 1580; textangle 90"><span class='ocrx_word' id='word_1_278' title='bbox 1098 1432 1115 1580; x_wconf 88' lang='lat' dir='ltr'>mum</span> <span class='ocrx_word' id='word_1_279' title='bbox 1098 1211 1115 1399; x_wconf 84' lang='lat' dir='ltr'>eorum</span> <span class='ocrx_word' id='word_1_280' title='bbox 1091 942 1123 1167; x_wconf 72' lang='lat' dir='ltr'>fluvium</span> <span class='ocrx_word' id='word_1_281' title='bbox 1093 636 1117 898; x_wconf 78' lang='lat' dir='ltr'>mercato—</span> 
     </span>
     <span class='ocr_line' id='line_1_70' title="bbox 1130 635 1164 1584; textangle 90"><span class='ocrx_word' id='word_1_282' title='bbox 1137 1498 1155 1584; x_wconf 85' lang='lat' dir='ltr'>res</span> <span class='ocrx_word' id='word_1_283' title='bbox 1130 1377 1162 1484; x_wconf 87' lang='lat' dir='ltr'>ipsi</span> <span class='ocrx_word' id='word_1_284' title='bbox 1132 1073 1155 1351; x_wconf 71' lang='lat' dir='ltr'>transeunt</span> <span class='ocrx_word' id='word_1_285' title='bbox 1131 983 1155 1039; x_wconf 89' lang='lat' dir='ltr'>in</span> <span class='ocrx_word' id='word_1_286' title='bbox 1132 815 1163 966; x_wconf 83' lang='lat' dir='ltr'>cujus</span> <span class='ocrx_word' id='word_1_287' title='bbox 1131 635 1164 789; x_wconf 86' lang='lat' dir='ltr'>ripis,</span> 
     </span>
     <span class='ocr_line' id='line_1_71' title="bbox 1170 636 1203 1582; textangle 90"><span class='ocrx_word' id='word_1_288' title='bbox 1170 1437 1195 1582; x_wconf 79' lang='lat' dir='ltr'>nullo</span> <span class='ocrx_word' id='word_1_289' title='bbox 1170 1266 1195 1408; x_wconf 83' lang='lat' dir='ltr'>inter</span> <span class='ocrx_word' id='word_1_290' title='bbox 1172 1046 1203 1225; x_wconf 85' lang='lat' dir='ltr'>partes</span> <span class='ocrx_word' id='word_1_291' title='bbox 1171 810 1203 1011; x_wconf 58' lang='lat' dir='ltr'>linguae</span> <span class='ocrx_word' id='word_1_292' title='bbox 1178 636 1197 777; x_wconf 86' lang='lat' dir='ltr'>com-</span> 
     </span>
     <span class='ocr_line' id='line_1_72' title="bbox 1210 640 1243 1582; textangle 90"><span class='ocrx_word' id='word_1_293' title='bbox 1210 1365 1240 1582; x_wconf 86' lang='lat' dir='ltr'>mercio,</span> <span class='ocrx_word' id='word_1_294' title='bbox 1211 1239 1235 1333; x_wconf 81' lang='lat' dir='ltr'>sed</span> <span class='ocrx_word' id='word_1_295' title='bbox 1210 839 1243 1207; x_wconf 83' lang='lat' dir='ltr'>depositarum</span> <span class='ocrx_word' id='word_1_296' title='bbox 1219 640 1236 818; x_wconf 84' lang='lat' dir='ltr'>rerum</span> 
     </span>
     <span class='ocr_line' id='line_1_73' title="bbox 1251 635 1296 1584; textangle 90"><span class='ocrx_word' id='word_1_297' title='bbox 1251 1409 1282 1584; x_wconf 85' lang='lat' dir='ltr'>pretia</span> <span class='ocrx_word' id='word_1_298' title='bbox 1251 1199 1296 1367; x_wconf 47' lang='lat' dir='ltr'>ocugis</span> <span class='ocrx_word' id='word_1_299' title='bbox 1251 764 1277 1156; x_wconf 63' lang='lat' dir='ltr'>aestimantibus</span> <span class='ocrx_word' id='word_1_300' title='bbox 1259 635 1277 733; x_wconf 83' lang='lat' dir='ltr'>sua</span> 
     </span>
     <span class='ocr_line' id='line_1_74' title="bbox 1287 751 1323 1580; textangle 90"><span class='ocrx_word' id='word_1_301' title='bbox 1291 1326 1323 1580; x_wconf 62' lang='lat' dir='ltr'>tradunt„</span> <span class='ocrx_word' id='word_1_302' title='bbox 1287 1123 1316 1308; x_wconf 71' lang='lat' dir='ltr'>nostra</span> <span class='ocrx_word' id='word_1_303' title='bbox 1298 991 1316 1099; x_wconf 90' lang='lat' dir='ltr'>non</span> <span class='ocrx_word' id='word_1_304' title='bbox 1294 751 1318 962; x_wconf 86' lang='lat' dir='ltr'>emunt.</span> 
     </span>
    </p>
   </div>
   <div class='ocr_carea' id='block_1_17' title="bbox 0 0 1710 5454">
    <p class='ocr_par' dir='ltr' id='par_1_17' title="bbox 0 0 1710 5454">
     <span class='ocr_line' id='line_1_75' title="bbox 0 0 1710 5454; textangle 90"><span class='ocrx_word' id='word_1_305' title='bbox 0 0 1710 5454; x_wconf 95' lang='lat' dir='ltr'> </span> 
     </span>
    </p>
   </div>
  </div>
 </body>
</html>
