3360 5446
684 527 722 537 -
764 507 797 550 111
838 476 899 533 -’

192 647 1366 726 AmmianilontesillustrandosGardthauseniusetMommsenius

193 772 1364 874 nupercomposuerunt.ldautemnonestobliviscendum,caute

196 898 284 970 mihi
300 899 408 972 luisse
419 899 726 999 progrediendum
739 900 775 972 in
786 899 842 971 his
855 897 1098 996 perlegendis,
1111 901 1200 971 Nam
1213 902 1365 993 uterque

195 1023 239 1095 de
254 1022 296 1096 iis
315 1024 404 1097 locis
422 1025 483 1120 qui
507 1026 551 1098 ad
571 1033 687 1098 terras
704 1028 882 1122 spectant,
902 1024 1116 1120 plerumque
1133 1021 1362 1117 disceptavit;

197 1147 283 1220 mihi
300 1171 385 1222 vero
402 1149 451 1222 illi
468 1151 716 1246 perpendendi
733 1151 879 1223 luerunt
892 1149 953 1244 qui
969 1147 1015 1220 ad
1033 1154 1159 1243 gentes
1182 1151 1362 1243 spectant.

196 1278 318 1369 ltaque
335 1297 409 1348 nou
424 1274 580 1349 dubitari
597 1276 763 1350 evolvere
776 1274 976 1371 permultos
992 1254 1185 1368 scriptores
1202 1296 1223 1344 ι
1240 1273 1366 1346 Gardt-

196 1400 372 1474 hausenio
402 1423 444 1474 ac
469 1400 708 1474 Mommsenio
733 1399 878 1496 quidem
902 1421 975 1469 nou
1003 1396 1194 1487 indicatos,
1220 1397 1284 1470 sed
1305 1397 1373 1493 qui-

175 1506 178 1512 *
197 1523 233 1595 in
250 1523 305 1596 his
320 1523 411 1598 locis
429 1526 646 1621 pertractari
665 1523 881 1620 potuissent.

242 1649 356 1737 Notis,
387 1659 564 1745 quantum
597 1650 634 1723 id
667 1674 688 1722 a
723 1672 781 1722 me
816 1647 983 1745 praestari
1019 1647 1155 1743 potuit,
1184 1645 1366 1741 plerisque

200 1797 327 1847 eorum
352 1783 456 1870 quos
480 1774 689 1848 adhibuerit
712 1773 939 1863 Ammianus,
972 1778 1008 1846 et
1036 1795 1116 1867 quae
1142 1793 1188 1843 ex
1218 1771 1273 1841 his
1306 1770 1367 1842 de-

199 1906 366 1996 prompta
383 1899 466 1986 siut,
488 1899 705 1998 conjectura
723 1898 924 1995 expeditius
943 1899 1163 1970 consecutus
1184 1920 1263 1968 sum
1283 1895 1369 1990 quid

199 2024 243 2096 de
260 2047 326 2097 suo
342 2024 531 2121 adjecerit.
551 2024 655 2109 Quod
672 2047 755 2098 cum
768 2022 1004 2117 inquirerem,
1023 2020 1190 2094 suffultus
1204 2045 1282 2094 sum
1295 2046 1366 2094 non

200 2149 309 2222 modo
341 2149 479 2245 aliquot
511 2149 698 2223 sententiis
737 2170 824 2243 quas
857 2144 955 2219 docti
990 2144 1053 2216 viri
1081 2145 1158 2242 jam
1192 2146 1367 2220 nominati

201 2271 493 2361 enuntiaverunt,
513 2273 577 2346 sed
598 2271 709 2344 etiam
725 2270 768 2342 iis
786 2270 930 2343 indiciis
946 2269 1044 2341 haud
1060 2270 1272 2366 spernendis
1289 2295 1368 2366 quae

204 2394 242 2467 in
257 2395 438 2470 Ammiani
456 2397 525 2471 vita
541 2401 649 2493 atque
665 2396 756 2469 libro
768 2395 926 2492 reperire
943 2394 1042 2468 licet.
1060 2394 1146 2467 Haeo
1159 2404 1280 2468 autem
1297 2419 1370 2470 oon

202 2522 290 2592 mihi
321 2520 584 2611 solistumum,
609 2529 647 2596 ut
671 2521 917 2619 patefacerem
941 2544 1066 2594 rerum
1092 2520 1233 2616 copiam
1257 2529 1368 2633 atque

200 2646 415 2720 varietatem
428 2646 556 2743 quibus
574 2652 702 2744 gentes
717 2645 957 2742 descripserit.
977 2644 1080 2729 Quod
1096 2651 1135 2717 ut
1149 2643 1366 2736 innotescat,

201 2769 426 2844 necesseluit
442 2771 656 2843 inauxilium
668 2793 836 2845 vocarem
846 2769 1368 2866 prioresscriptoresinquihus

200 2892 319 2989 agitur
330 2895 372 2967 de
385 2894 704 2991 iisdemgentibus,
717 2893 889 2991 atquehis
900 2893 1083 2989 perlectis,
1093 2893 1177 2988 quid
1186 2895 1261 2988 jam
1274 2901 1369 2965 esset

202 3025 308 3091 antea
323 3023 465 3104 notum,
484 3019 569 3115 quid
587 3042 672 3106 non,
686 3024 902 3092 statuerem.
920 3018 1055 3090 Eadem
1072 3017 1225 3106 ratione,
1241 3042 1320 3114 quae
1332 3017 1370 3090 in

200 3141 279 3235 ejus
302 3140 587 3236 digressionibus
605 3141 847 3213 desideranda
864 3150 999 3228 essent,
1028 3141 1219 3237 explanare
1236 3165 1280 3216 eo
1295 3165 1370 3216 ma-

108 3286 119 3308 ·
201 3263 255 3360 gis
284 3262 320 3334 in
351 3271 521 3370 promptu
541 3263 622 3353 luit,
652 3288 723 3360 quo
746 3265 992 3339 recentiorum
1022 3267 1303 3340 commentarios
1327 3289 1370 3340 ao

200 3387 300 3460 uaria
316 3402 430 3484 opera
444 3387 647 3460 accuratius
666 3390 952 3484 percensuerim.
975 3393 1090 3474 Quare
1107 3392 1244 3464 contuli
1261 3402 1368 3488 atque

201 3518 309 3584 testes
340 3511 495 3584 excitavi
529 3511 835 3607 locupletissimos
865 3521 1033 3590 auctores
1062 3518 1120 3612 qui
1149 3516 1219 3589 hac
1247 3527 1371 3592 nostra

201 3643 308 3711 aetate
324 3637 360 3708 in
374 3637 503 3710 iisdem
522 3637 631 3710 rebus
652 3661 800 3733 operam
818 3646 1033 3737 posuerunt.

250 3759 337 3831 Mihi
350 3782 434 3833 vero
449 3759 748 3857 hocopusculum
760 3765 982 3860 aggredienti
999 3788 1074 3838 non
1091 3766 1177 3839 satis
1187 3767 1302 3841 uisum
1314 3775 1370 3840 est

202 3884 249 3956 ad
261 3883 461 3980 legentium
479 3884 620 3958 animos
637 3885 888 3982 delectandos,
906 3890 991 3986 quid
1007 3913 1052 3963 ex
1067 3891 1198 3965 ceteris
1214 3893 1370 3989 scripto-

204 4009 302 4084 ribus
317 4008 494 4096 hauserit,
513 4009 627 4105 quid-1.
651 4016 660 4082 ἴ
681 4020 807 4109 suopte
825 4015 971 4111 ingenio
987 4015 1180 4104 invenerit,
1198 4017 1234 4087 in
1250 4017 1371 4090 lucem

201 4135 420 4231 producere,
438 4133 501 4205 sed
520 4158 600 4230 quae
617 4134 649 4206 ei
663 4134 753 4207 tides
769 4137 976 4211 adhibenda
991 4140 1049 4229 sit,
1071 4139 1234 4236 diligenti
1250 4140 1369 4215 studio

202 4254 458 4351 inquirendum
471 4278 629 4350 quoquc.
645 4256 754 4352 Cujus
768 4264 889 4330 tamen
900 4259 1296 4356 laborisquodcumque
1309 4263 1367 4350 sit,

206 4403 278 4451 non
303 4401 391 4450 sane
417 4402 540 4453 meum
565 4378 861 4477 praedicaverim3
880 4381 1076 4476 plurimum
1099 4393 1220 4457 autem
1245 4384 1369 4458 deberi

205 4501 335 4574 lubens
346 4501 556 4598 profitebor,
569 4506 645 4574 tum
657 4503 837 4575 Ammiani
848 4504 1120 4603 interpretibus,
1135 4516 1210 4583 tum
1222 4509 1371 4582 eruditis

208 4625 291 4697 uiris
322 4627 383 4721 qui
410 4634 535 4700 nostra
560 4634 666 4700 aetate
684 4626 728 4697 ad
759 4630 926 4725 antiquas
951 4643 1077 4728 gentes
1100 4635 1371 4729 cognoscendas
