3360 5446
885 482 1062 544 ..0-

427 688 568 774 nemu,
586 691 614 776 1,
629 693 705 760 216.
755 666 758 672 ’
783 691 1148 792 humanatum.
1205 635 1340 718 S‘fflbh
1359 637 1420 720 XL
1439 641 1471 717 θ
1493 643 1526 722 ⁶>

1259 742 1312 808 ed.
1332 743 1467 812 Mulier.

382 877 425 934 τῆς
440 869 489 936 γὰρ
505 867 651 934 ἐπιθυμήσει
666 889 751 936 γυναι·
784 868 895 933 (Halani,
921 870 1025 918 veteres
1051 869 1150 917 Massa·
1180 904 1185 914 .
1209 877 1367 934 ..χρῶνται
1387 869 1412 920 δὲ
1432 872 1475 920 καὶ
1498 879 1553 928 ταῖς

381 953 425 1010 κθς
438 951 606 1017 Μασσαγέτης
622 947 695 1017 ἀνὴρ,
710 951 751 1001 τὸν
782 950 860 1014 gelae)
876 950 949 999 velut
960 949 1097 1012 carpentis
1112 949 1149 997 oi·
1180 947 1292 1011 ἀλλήλων
1304 949 1351 999 οὺκ
1368 945 1478 1014 ἀφανῶς,
1496 952 1509 1002 ὁ
1525 951 1552 1001 δὲ

381 1040 539 1098 φαρετρεῶνα
573 1031 754 1097 ἀποκρεμάσας
782 1032 878 1080 vitales
889 1029 1032 1093 impositas
1046 1030 1149 1078 vehunt
1179 1027 1550 1104 μιγνύμενοςτῇάλλοτρίᾳ,τὴν

380 1113 428 1176 πρὸ
454 1118 496 1176 τῆς
519 1113 617 1176 ἁμάξης
636 1111 752 1176 μίσγεται
784 1110 1147 1174 maresquesupracumfe-
1178 1110 1301 1176 φαρέτραν
1312 1106 1451 1176 ἐξαρτήσας
1466 1106 1495 1162 ἐκ
1508 1119 1552 1175 τῆς

382 1186 468 1250 οἰδεῶς,
784 1191 864 1241 minis
879 1192 990 1240 coeunt.
1178 1191 1282 1254 ἁμάξης,
1296 1199 1408 1255 φανερῶς
1425 1191 1551 1256 μίγνυται.
1579 1230 1583 1239 .

425 1371 719 1439 Gardthausenius
735 1381 850 1465 autem
866 1372 1090 1461 nonnullique
1108 1372 1172 1438 viri
1189 1370 1431 1438 eruditissimi¹
1451 1370 1551 1438 Stra·

380 1488 479 1557 honis
505 1491 752 1582 geographiam
782 1491 818 1558 in
850 1512 953 1572 manu
972 1488 1133 1555 habuisse
1159 1487 1379 1555 Ammianum
1402 1499 1550 1575 negant.

308 1629 326 1664 .·
380 1607 453 1674 Hoc
474 1629 559 1696 opus
576 1608 667 1674 enim
685 1616 806 1696 putant
829 1616 961 1673 tantum
983 1605 1096 1672 media
1112 1613 1211 1672 aetate
1232 1605 1274 1672 ad
1293 1615 1449 1693 posteros
1471 1627 1553 1691 per-

380 1721 527 1788 venisse.
552 1721 756 1789 Addendum
780 1720 938 1811 estquod
955 1721 1049 1788 nullo
1068 1721 1144 1787 loeo
1173 1720 1377 1788 Strabonem
1393 1721 1549 1788 laudavit

379 1838 513 1907 Noster.
532 1838 582 1904 Ex
605 1860 674 1929 quo
700 1838 737 1905 fit
758 1849 794 1905 ut
811 1837 965 1904 dubitare
981 1837 1084 1904 liceat
1096 1837 1178 1927 quin
1195 1859 1275 1904 eum
1293 1837 1499 1904 adhibuerit.

423 1955 514 2023 Satis
530 1965 645 2022 autem
665 1965 799 2022 constat
814 1953 904 2020 haud
928 1975 1037 2043 pauca
1056 1976 1098 2021 ex
1118 1954 1388 2022 Eratostheniois
1413 1954 1548 2044 seriptis

379 2069 1549 2162 Strabonemmutuatumesse².Quaesoriptaetiamsapiuntejusdem

378 2188 526 2274 auctoris
546 2187 623 2254 lihri
647 2187 704 2255 ubi
725 2186 866 2255 adhibiti
890 2186 1072 2275 scriptores
1094 2187 1295 2254 nominatim
1317 2210 1387 2256 non
1408 2190 1550 2255 fuerunt

377 2303 482 2370 allati.
509 2303 625 2393 Neque
641 2325 721 2370 vero
741 2301 777 2369 in
793 2300 969 2369 Ammiani
987 2324 1089 2390 opere
1112 2301 1236 2369 desunt
1258 2302 1324 2369 looi
1343 2303 1401 2392 qui
1426 2303 1551 2369 Erato·

377 2419 568 2516 sthonioam
593 2418 764 2508 originem
790 2441 859 2509 prae
884 2440 920 2484 se
940 2418 1066 2485 lerunt.
1088 2417 1200 2486 Testis
1223 2417 1282 2484 ille
1303 2419 1400 2486 loous
1424 2418 1459 2485 in
1482 2440 1550 2508 quo

377 2534 621 2602 Eratosthenes
636 2535 708 2624 ipse
725 2533 921 2601 nominatur
934 2532 1057 2623 (XXII,
1073 2538 1105 2617 8,
1125 2532 1191 2624 lo).
1216 2534 1316 2615 Quod
1332 2557 1384 2602 me
1403 2534 1550 2625 impellit

362 2658 413 2716 'ut
438 2672 595 2718 oenseam
614 2673 654 2718 ea
676 2650 881 2717 Ammiauea
902 2672 1005 2739 supra
1022 2650 1124 2717 allata
1146 2650 1189 2717 ad
1216 2650 1349 2717 nullum
1375 2661 1549 2718 auctorem

378 2784 453 2830 esse
470 2761 659 2845 referenda,
676 2762 744 2829 nisi
760 2763 801 2830 ad
817 2762 1080 2830 Eratosthenem
1093 2764 1220 2853 ipsum.
1284 2805 1287 2809 ·

422 2878 472 2944 Ex
488 2879 608 2945 eodem
624 2888 762 2945 auctore
775 2880 879 2946 lluere
897 2888 1042 2967 possunt
1056 2880 1091 2945 hi
1109 2880 1225 2948 Nostri
1241 2882 1307 2948 looi
1323 2882 1382 2971 qui
1403 2883 1446 2971 ad
1467 2883 1546 2951 Sar-

375 3004 484 3060 matas
501 2993 681 3084 pertinent,
699 3015 831 3061 neonon
850 3015 928 3060 oum
944 2993 1181 3062 Strabonianis
1197 3008 1391 3085 congruunt
1413 3017 1420 3065 :

465 3207 591 3292 Strab.,
609 3207 686 3292 Vll,
703 3211 736 3289 l,
760 3211 791 3278 8.
1090 3211 1219 3288 Amm„
1237 3210 1348 3293 XVII,
1369 3213 1422 3291 12,
1439 3214 1471 3277 2.

405 3351 482 3402 ’Ἲδιον
496 3351 521 3401 δὲ
535 3358 579 3402 τοῦ
591 3351 715 3400 Σκυθικοῦ
729 3351 773 3400 καὶ
784 3356 827 3400 τοῦ
839 3349 907 3415 Σαρ-
1047 3350 1240 3417 Equorumque
1256 3349 1365 3416 plurimi
1380 3366 1411 3401 ex
1427 3367 1477 3402 usu
1493 3365 1550 3401 oas-

376 3438 480 3494 ματικοῦ
495 3432 587 3488 παντὸς
603 3431 687 3488 ἔθνους
698 3431 726 3479 τὸ
742 3422 800 3487 τοὺς
815 3428 907 3487 ἵππους
1018 3430 1088 3488 irati,
1101 3444 1136 3480 ne
1149 3431 1195 3479 aut
1207 3431 1372 3481 feminarum
1383 3431 1550 3496 visuexogi-

375 3506 498 3574 ἐκτέμνειν
513 3509 647 3567 εὐπειθείας
664 3508 747 3575 χάριν·
1016 3510 1064 3558 tuti
1078 3512 1222 3574 raptentur
1236 3514 1282 3561 aul
1296 3511 1325 3561 in
1340 3512 1468 3562 subsidiis
1479 3513 1550 3562 fero·

1017 3589 1118 3638 cientes
1150 3591 1267 3654 prodant
1288 3592 1396 3642 hinnitu
1425 3593 1550 3642 densiore

1018 3669 1141 3719 victores.

418 3837 538 3928 Neque
567 3859 587 3903 a
619 3833 891 3903 Gardthausenio
924 3833 1088 3901 dissentio
1127 3835 1185 3924 qui
1221 3857 1262 3901 ex
1298 3835 1420 3903 eodem
1454 3836 1548 3904 fonte

376 3953 556 4043 desumpta
574 3955 760 4040 habetque
785 3948 989 4016 Ammianus
1012 3947 1053 4015 de
1077 3950 1213 4016 Parthis
1244 3953 1557 4023 commemoravit..

375 4068 565 4136 Fatendum
583 4076 634 4134 est
649 4065 788 4158 quidem
810 4066 972 4132 Nostrum
992 4086 1071 4130 oum
1091 4063 1258 4132 Strabone
1274 4067 1466 4134 consentire
1492 4068 1546 4134 his

375 4184 460 4252 loeis
476 4182 637 4271 subjectis
656 4202 663 4249 :

406 4417 429 4464 l.
442 4416 548 4476 Confer,
560 4415 716 4480 DleGeopr.‚
728 4430 753 4475 p.
764 4414 928 4478 573Gellroy,
940 4417 1015 4464 Rome
1028 4421 1052 4464 et
1066 4416 1102 4465 les
1112 4415 1236 4466 bardores
1242 4432 1251 4472 ,·
1261 4417 1339 4465 elude
1353 4433 1400 4466 sur·
1413 4418 1440 4468 lo
1458 4440 1468 4461 ν
1483 4418 1546 4469 Ger-

376 4495 463 4544 mauie
475 4514 486 4539 ν
508 4497 539 4544 de
556 4497 650 4554 Tacite,
664 4509 691 4558 p.
708 4496 746 4551 87,
760 4495 842 4552 Paris,
860 4496 931 4553 18Π;
958 4496 1087 4554 fletuum,
1104 4497 1237 4544 Relations
1254 4496 1399 4562 politiones
1426 4503 1452 4549 et
1473 4514 1542 4549 eom-

353 4583 356 4591 ·
375 4575 510 4624 meroioles
524 4575 555 4625 de
570 4575 692 4638 l’llmpire
704 4573 807 4622 rornaio
820 4587 881 4621 aueo
896 4573 975 4623 t’Aste
989 4576 1128 4637 orientale,
1144 4590 1169 4640 p.
1186 4578 1225 4635 76,
1242 4576 1312 4627 1863.

407 4658 433 4704 2.
452 4656 547 4706 Conler
562 4659 595 4706 M.
611 4655 720 4714 Dubols‚
738 4654 855 4703 Examen
870 4655 901 4702 de
917 4653 943 4702 lo
957 4658 1115 4721 pe'opruphie
1128 4658 1160 4705 de
1174 4655 1296 4717 Straton,
1313 4658 1370 4708 lntr
1388 4695 1394 4718 ,
1408 4675 1433 4723 p
1451 4663 1489 4709 30.
