3360 5446
818 531 1016 596 „52st

215 728 218 734 -
316 676 492 769 probabile
517 689 581 760 est,
607 679 775 765 delapsos,
802 703 880 748 oum
904 680 1096 770 Iazygibus‚
1117 680 1321 760 Roxolanis,
1348 680 1493 749 Halanis

317 794 504 863 novissime
523 796 611 861 notis
632 795 716 862 falso
737 795 987 877 commiscuit&
1005 795 1094 863 Hine
1115 794 1165 862 illi
1192 817 1283 884 saepe
1310 795 1435 864 accidit
1450 806 1489 863 ut

321 905 356 972 in
384 907 527 976 diversis
559 907 638 975 libri
663 908 716 976 sui
745 907 827 976 locis
852 908 943 977 idem
970 930 1096 976 nomen
1120 907 1171 975 bis
1197 918 1316 998 terque
1348 909 1482 990 afferat,

317 1031 417 1112 atque
434 1044 681 1111 nonnunquam
696 1045 716 1090 a
732 1046 767 1090 se
784 1024 858 1112 ipso
874 1023 1054 1114 discrepet.
1074 1023 1142 1104 Sic,
1160 1024 1193 1091 ni
1204 1023 1413 1093 Mullenhoff
1428 1024 1494 1092 fal·

317 1134 411 1221 litur,
429 1159 449 1204 a
465 1159 501 1205 se
525 1139 599 1228 ipso
624 1138 781 1206 dissentit
805 1139 841 1206 in
865 1140 1076 1208 Halanorum
1102 1140 1169 1207 situ
1192 1140 1363 1209 notando.
1391 1142 1493 1222 Nam,

319 1243 467 1332 quodam
482 1244 557 1312 loco
573 1245 723 1313 Halanos
740 1245 775 1312 in
792 1245 939 1335 Europa,
958 1246 1025 1314 alio
1041 1257 1156 1314 autem
1174 1246 1327 1315 Halanos
1358 1247 1394 1314 in
1409 1248 1494 1316 Asia

322 1359 500 1428 collocat'.

364 1474 476 1566 Atque
501 1485 614 1543 mente
637 1477 805 1566 prospicio
828 1475 900 1546 fore
929 1488 966 1544 ut
990 1477 1027 1545 in
1051 1477 1184 1566 aliquot
1214 1477 1494 1546 existimaturum

320 1590 606 1679 reprehensiones
626 1591 789 1671 incurrat,
808 1592 898 1682 quod
914 1591 1086 1683 inquirere
1108 1593 1235 1682 saepius
1261 1593 1390 1676 omisit,
1411 1615 1495 1662 uum

320 1728 396 1795 quae
413 1705 454 1774 de
470 1707 617 1775 externis
633 1707 770 1797 populis
787 1706 918 1797 priores
934 1707 1157 1791 tradiderant,
1171 1730 1212 1776 aa
1227 1729 1291 1776 sua
1312 1717 1413 1777 aetate
1433 1708 1496 1776 ite·

321 1843 396 1888 rum
416 1822 527 1889 dicere
543 1825 621 1912 jure
644 1833 770 1913 posset,
793 1845 968 1914 novasque
998 1823 1181 1914 regionum
1205 1823 1381 1891 institutas
1405 1822 1492 1891 divi-

323 1935 449 2018 siones,
461 1959 606 2028 quarum
621 1938 708 2006 ratio
721 1938 876 2007 habenda
890 1948 974 2025 crat,
991 1939 1155 2028 neglexit.
1171 1938 1228 2007 Sic
1243 1939 1496 2007 inconsiderate

320 2061 441 2143 quarto
458 2055 582 2122 saeculo
607 2054 765 2143 repolivit
780 2053 820 2122 de
841 2040 1015 2123 Celtarum
1033 2055 1356 2145 aquitanorumque
1373 2054 1498 2122 finibus

256 2174 259 2178 ’
322 2191 398 2258 quae
423 2170 536 2239 Gaesar
556 2169 780 2261 scripserat³;
811 2169 851 2238 de
875 2171 1051 2240 Gallorum
1079 2170 1196 2239 habitu
1220 2179 1253 2238 et
1273 2152 1408 2254 inuoleJ
1423 2194 1499 2262 quae

323 2285 415 2373 apud
442 2286 663 2376 Timagenem
682 2287 825 2376 legerat,
850 2287 905 2355 vel
930 2287 1020 2377 apud
1041 2287 1127 2355 alios
1153 2297 1313 2355 auctores
1340 2287 1499 2377 Augusto

305 2380 489 2492 ¹aequales.
999 2464 1002 2469 .

291 2604 296 2609 .
369 2518 464 2587 Alios
480 2517 679 2607 hujusmodi
696 2540 828 2588 errores
839 2519 983 2588 fortasse
1000 2516 1253 2611 deprehendere
1271 2517 1364 2597 licet,
1384 2516 1444 2584 sad
1461 2515 1501 2583 de

324 2633 375 2700 his
390 2656 457 2701 non
476 2634 624 2724 amplius
645 2634 837 2704 disserendi
853 2644 905 2703 est
921 2636 1029 2702 locus.

371 2748 539 2838 Equidem
572 2749 680 2819 fateor
704 2751 777 2818 haec
797 2751 912 2818 omnia
934 2751 1108 2819 Ammiani
1139 2748 1417 2838 digressionibus
1439 2747 1504 2817 ali-

324 2865 406 2956 quid
433 2865 512 2932 fidei
536 2875 569 2933 et
594 2866 692 2957 pretii
720 2866 909 2934 detrahere.
934 2866 1034 2948 Quod
1056 2867 1084 2933 si
1109 2888 1192 2935 vero
1219 2863 1327 2937 inhia
1360 2864 1501 2946 erravit,

269 3036 270 3039 η
323 3003 393 3048 nou
408 2981 563 3049 consulto
580 2982 732 3071 legentes
747 2981 884 3048 induxit
900 2982 936 3049 in
953 3003 1085 3050 errores
1098 2991 1202 3073 atque
1230 2980 1271 3048 ab
1289 2980 1383 3047 omni
1402 2979 1502 3047 falla·

330 3096 390 3162 oiae
408 3095 603 3186 suspicione
619 3095 821 3185 longissime
839 3095 955 3166 abest.

370 3212 503 3302 Itaque,
516 3211 629 3303 quivis
642 3212 748 3300 judex
767 3212 887 3278 doctus
907 3234 1110 3303 aequusque‚
1124 3211 1184 3278 sed
1200 3193 1271 3279 non
1289 3209 1499 3292 malevolus,

327 3327 370 3394 ad
384 3339 474 3395 reete
490 3327 659 3419 descripta
674 3351 855 3420 properare
871 3328 1134 3410 nondubitabit,
1148 3327 1276 3396 nedum
1289 3327 1324 3394 in
1337 3326 1395 3393 his
1411 3348 1504 3395 erro·

327 3443 420 3512 ribus
445 3421 657 3512 immoretur.
683 3444 760 3512 Alia
785 3445 877 3512 enim
901 3467 970 3513 nen
1001 3444 1124 3512 desunt
1156 3444 1193 3512 in
1219 3441 1400 3511 Ammiani
1427 3443 1505 3509 dos·

327 3557 552 3648 criptionibus
572 3582 649 3653 quae
674 3560 918 3628 nonnullarum
939 3560 1095 3649 gentium
1121 3552 1324 3628 accuratam
1343 3558 1503 3625 notitiam

326 3674 512 3755 declarant,
531 3665 636 3744 sedin
650 3676 702 3743 his
721 3677 911 3765 pracsertim
926 3675 1134 3766 probabilior
1153 3685 1206 3745 est
1227 3673 1410 3765 diligentia
1427 3696 1504 3762 quae

326 3789 400 3857 visa
414 3792 468 3858 vel
484 3791 607 3859 tradita
630 3791 775 3861 retulit‘.
799 3792 904 3882 Cujus
929 3791 976 3858 rei
998 3792 1235 3859 firmissimum
1253 3799 1504 3881 argumentum

326 3890 417 3996 quod
433 3907 545 3974 afferri
560 3906 680 3997 possit,
698 3906 800 3974 idest
821 3907 890 3973 loro
913 3915 1095 3995 perpetuus
1115 3926 1308 3974 consensus
1329 3907 1408 3993 ejus
1425 3926 1503 3972 cum

327 4021 506 4109 permultis
523 4022 757 4111 scriptoribus,
772 4004 833 4111 qui
850 4042 914 4088 sua
927 4021 981 4087 vel
993 4020 1097 4110 paulo
1115 4020 1243 4088 seriore
1262 4027 1362 4088 aetate
1384 4019 1505 4086 eadem

328 4145 571 4205 tractaverunt.
586 4137 727 4217 Verum,
745 4157 823 4203 oum
839 4135 875 4203 in
889 4134 944 4202 his
960 4134 1175 4202 conferendis
1193 4134 1505 4225 explanandisque,

329 4251 476 4320 editores
492 4262 525 4320 et
539 4259 824 4320 commentatores
834 4252 907 4339 jam
924 4249 1069 4317 multum
1085 4271 1198 4339 operae
1218 4259 1319 4339 atque
1338 4271 1430 4317 eurae
1445 4271 1508 4339 po-

361 4479 383 4526 l.
401 4479 536 4543 Bunbury‚
553 4479 660 4540 History
675 4479 707 4540 of
719 4475 822 4526 ancient
832 4473 989 4537 geographus,
1004 4474 1054 4526 vol.
1072 4475 1089 4534 l,
1105 4489 1132 4538 p.
1154 4476 1209 4534 682,
1219 4475 1284 4523 nole
1298 4473 1351 4534 XX,
1372 4475 1443 4532 sat.
1486 4490 1489 4497 ’

363 4559 377 4606 2
403 4558 645 4620 Altertumslrunde,
666 4561 690 4607 3.
706 4556 788 4617 Band,
809 4555 857 4604 loc.
875 4554 931 4613 cit,
942 4567 972 4618 p.
991 4555 1021 4603 86
1036 4557 1062 4604 et
1076 4557 1115 4604 81.

363 4640 386 4686 3.
401 4639 452 4699 XV,
469 4642 506 4690 u.
523 4641 559 4690 Cl.
577 4639 715 4698 donville,
729 4636 817 4686 Noticc
840 4646 887 4682 sur
900 4631 1047 4684 l'aner'enne
1063 4634 1154 4695 Gaulo,
1168 4637 1238 4696 tlte,
1251 4635 1334 4694 Paris,
1348 4649 1375 4699 p.
1392 4635 1407 4685 8
1422 4637 1450 4685 et
1466 4637 1507 4687 tt.

364 4721 386 4766 t.
404 4719 501 4771 Conler
513 4721 664 4777 Glmazane,
681 4720 728 4767 loc.
747 4717 801 4774 eit,
811 4728 838 4777 p.
854 4713 909 4761 233.
