3412 5454
780 518 978 584 ‘5‘39—

291 669 403 757 potuit
422 671 506 760 quin
520 670 672 737 animum
692 668 875 737 attenderit
891 669 932 736 ad
946 668 1069 736 bellica
1086 668 1199 735 studia
1213 670 1459 759 perspicienda.

289 782 425 850 Primus
440 793 493 851 est
506 783 596 851 enim
611 782 669 873 qui
683 783 890 850 Hunnorum
906 788 940 849 et
951 782 1197 850 Saracenorum
1213 781 1462 852 immanitatem

288 897 529 988 feritatemque
544 899 705 967 notavit¹.
720 901 849 989 Neque,
867 906 1033 989 quantum
1046 898 1130 981 scio,
1146 896 1235 988 apud
1250 898 1355 966 alium
1372 901 1461 990 prio·

284 1034 361 1083 rem
377 1024 551 1081 auctorem
570 1014 640 1104 legi
655 1025 800 1104 possunt
813 1036 944 1107 eadquae
960 1012 1001 1080 de
1019 1011 1162 1080 Halanis
1179 1013 1318 1082 tradidit
1331 989 1371 1082 :fc
1387 1015 1460 1099 Nec

285 1127 1317 1221 quicquamestquodelatiusJactentquamhominequolibet
1328 1131 1455 1223 occiso,

282 1263 413 1333 proque
434 1242 570 1313 exuviis
594 1241 755 1332 gloriosis
775 1243 1030 1314 interfectorum
1053 1244 1183 1314 avulsis
1207 1243 1377 1335 capitibus
1401 1245 1457 1317 da·

282 1357 526 1447 tractaspelles
537 1380 598 1449 pro
609 1357 1453 1449 phalerisjumeutisaccommodantbellatoriis¹.»

328 1472 378 1541 Ob
394 1473 534 1542 easdem
549 1495 685 1556 causas,
698 1473 931 1560 Marcellinus,
943 1474 1007 1542 etsi
1016 1476 1251 1543 Romanorum
1264 1473 1454 1566 discipliuae

283 1587 426 1659 militari
442 1587 562 1657 laudes
576 1586 709 1672 tribuit,
724 1587 893 1681 fidemque
920 1588 1089 1674 adhibuit,
1111 1598 1225 1658 tamen
1241 1587 1285 1657 ad
1299 1599 1454 1658 externa·

282 1723 359 1771 rum
389 1701 546 1792 gentium
577 1725 650 1772 rem
683 1703 867 1793 militarem
896 1706 1171 1795 cognoscendam
1197 1728 1233 1776 so
1256 1704 1460 1796 applicavit·

283 1818 379 1901 Unde
396 1819 433 1888 fit
448 1831 488 1888 ut
507 1820 543 1888 in
563 1822 636 1910 ejus
659 1820 860 1910 excursibus
875 1823 1042 1891 nonnulla
1053 1844 1143 1891 nova
1159 1819 1305 1894 inveniri
1320 1820 1454 1910 possint

280 1958 358 2026 quae
373 1938 417 2006 ad
432 1960 509 2006 eam
525 1961 598 2006 rem
614 1938 884 2030 spectant.Talia
895 1949 973 2006 sunt
986 1962 1062 2029 quae
1074 1939 1114 2007 de
1132 1940 1338 2010 Hunnorum
1347 1939 1453 2015 arnus

281 2052 504 2144 certandique
518 2053 649 2123 ratione
665 2054 793 2125 retulit.
810 2083 826 2118 c
841 2055 887 2125 Et
896 2054 1196 2145 pugnant,inquit,
1205 2076 1452 2146 nonuunquam

281 2166 446 2254 lacessiti,
465 2168 527 2237 sed
539 2169 697 2247 ineuntes
712 2169 834 2261 proelia
853 2169 1026 2238 cuneatim
1045 2169 1149 2238 variis
1165 2169 1308 2239 vocibus
1324 2191 1451 2239 sonan-

279 2274 372 2355 tibus
391 2289 539 2353 torvnm.
559 2285 672 2374 thue
687 2283 729 2353 ad
749 2283 985 2375 pernicitatem
1006 2292 1086 2352 sunt
1105 2284 1199 2356 leves
1213 2294 1248 2352 et
1264 2284 1449 2375 repentini,

279 2400 328 2471 ita
344 2401 459 2475 subito
478 2402 519 2470 de
538 2402 705 2484 industria
721 2401 866 2493 dispersi
881 2402 1073 2491 vigescunt,
1092 2412 1125 2471 et
1135 2402 1362 2492 incomposita
1376 2401 1450 2485 acie

278 2539 356 2585 cum
372 2517 465 2586 caede
478 2528 577 2587 vasta
599 2517 806 2602 discurrunt,
823 2541 886 2589 nec
901 2519 1102 2598 invadentes
1117 2519 1245 2590 vallum
1261 2539 1324 2589 neo
1337 2527 1450 2601 castra

275 2632 418 2710 inimica
432 2634 581 2725 pilantes
595 2656 665 2725 prae
686 2634 793 2706 nimia
811 2633 992 2724 rapiditate
1013 2643 1211 2703 cernuntur.
1232 2633 1351 2724 quue
1370 2656 1446 2705 om-

276 2751 372 2825 nium
388 2751 573 2824 acerrimos
588 2750 831 2843 facile-dixeris
845 2750 1041 2834 bellatores,
1059 2749 1151 2840 quod
1164 2749 1285 2840 procul
1305 2749 1445 2817 missili*
1467 2771 1469 2780 ·

275 2862 341 2933 bus
357 2862 447 2950 t'elis,
467 2865 581 2948 acutis
601 2865 737 2947 ossibus
756 2889 823 2958 pro
841 2865 1051 2957 spiculorum
1079 2862 1237 2946 acumine
1259 2874 1332 2941 arte
1359 2864 1447 2946 mira

274 2982 539 3075 coagmentatis,
558 2992 592 3051 et
610 2981 772 3053 distantia
792 3002 955 3073 percursa
972 2977 1167 3053 comminus
1185 2977 1275 3047 terro
1296 2977 1370 3051 sine
1390 2978 1444 3050 sui

271 3109 434 3189 respectu
448 3099 652 3188 confligunt,
669 3099 848 3191 hostisque
868 3099 950 3168 dum
965 3116 1172 3167 mucronum
1186 3081 1309 3165 noxias
1327 3093 1445 3166 obser,

275 3223 369 3298 rant,
399 3216 570 3284 contorsis
601 3214 737 3284 laciniis
764 3214 924 3304 inligant,
953 3219 990 3280 ut
1011 3210 1181 3303 laqueatis
1209 3209 1444 3292 resistentium

268 3330 437 3401 membris
453 3331 630 3421 equitandi
648 3330 705 3400 vel
722 3328 901 3420 gradiendi
917 3327 1070 3396 adimant
1088 3326 1288 3395 facultatem
1303 3353 1321 3391 »
1332 3340 1355 3389 ¹.
1375 3324 1443 3392 Ne,

270 3469 338 3536 que
355 3446 472 3517 minus
488 3456 644 3516 accurate
664 3447 809 3517 intuitus
832 3454 884 3513 est
904 3466 980 3535 quae
1001 3444 1044 3512 ad
1065 3442 1277 3513 Halanorum
1298 3440 1440 3509 bellicas

276 3560 420 3634 virtutes
432 3573 470 3634 et
485 3562 669 3635 militarem
687 3561 818 3631 cultum
832 3558 1060 3651 pertinebant,
1079 3566 1117 3627 nt
1128 3578 1171 3627 ex
1186 3555 1240 3622 his
1256 3553 1340 3624 locis
1350 3554 1442 3645 judi-

269 3677 345 3753 ,ceri
360 3686 474 3768 potest
487 3705 503 3741 «
513 3680 678 3768 Juventus
693 3699 772 3751 vem
785 3673 961 3767 equitandi
973 3694 1069 3753 nsua
1081 3670 1194 3764 prima
1207 3669 1354 3760 pueritia
1364 3691 1440 3738 coa·

270 3791 422 3871 tescens,
446 3791 604 3875 incedere
628 3791 772 3884 pedibus
788 3789 962 3861 existimat
985 3786 1049 3857 vile
1069 3796 1104 3854 et
1123 3806 1244 3855 omues
1257 3783 1438 3875 multiplici

274 3904 457 3998 disciplina
479 3906 664 3999 prudentes
689 3916 769 3977 sunt
787 3906 969 3975 bellatores
974 3951 1040 3971 .....
1058 3909 1092 3968 et
1106 3921 1281 3968 armorum
1302 3898 1437 3967 levitate

268 4021 418 4109 veloces,
424 4075 489 4095 .....
500 4028 523 4091 ⁴.
553 4052 570 4086 ›>

300 4307 322 4352 t.
338 4304 425 4364 xxxi,
440 4307 464 4363 2,
482 4308 508 4367 t;
528 4305 670 4367 xlv,4,1.

298 4386 321 4435 2.
338 4385 423 4445 XXXl,
439 4387 463 4448 2,
479 4388 517 4436 22.

295 4465 491 4516 Ammadvcrtit
516 4470 605 4517 tamen
626 4464 784 4515 Ammianus
809 4464 924 4513 Halanos
950 4460 1053 4512 Hunnia
1074 4479 1085 4503 u
1105 4471 1153 4523 per
1168 4459 1260 4508 omnia
1275 4471 1433 4522 suppares»

263 4560 323 4595 esse
340 4566 350 4590 a
370 4546 441 4596 victu
459 4547 583 4598 mitiores
599 4548 625 4597 et
639 4546 712 4596 cultu
729 4563 751 4606 n,
767 4545 852 4604 XXXI,
868 4546 892 4605 2,
908 4545 946 4592 21.

296 4629 319 4675 3.
334 4627 421 4687 xxxi,
436 4630 459 4690 2,
477 4632 500 4677 9.

294 4710 317 4755 4.
333 4708 420 4767 xxxi,
436 4711 459 4768 2,
471 4710 510 4769 20,
529 4709 567 4757 et.
