3360 5446
822 521 1017 581 -tl-

336 697 420 746 quum
433 697 462 732 sa
472 681 607 744 proripuit
618 678 647 729 in
659 693 711 730 cce·
738 691 829 729 rerum
845 679 996 730 futurarum
1009 680 1107 730 dicitur
1120 689 1122 792 ὓ
1136 682 1220 732 multo
1231 685 1293 746 post
1306 684 1393 733 Caesar
1406 685 1506 734 extinc-

331 767 377 813 tus
391 761 491 813 incedit
506 762 643 811 summotu
663 760 709 809 lic·
739 761 924 812 demonstrare
950 764 977 813 et
1004 760 1107 811 adeun·
1135 766 1178 811 tus
1195 766 1244 812 est.
1262 764 1341 814 Pueri
1353 763 1430 827 Apim
1446 779 1505 828 gre-

328 847 429 904 torum,
459 855 578 906 grexque
612 854 708 904 puero-
737 844 777 889 tes
822 842 954 903 quosdam
1003 840 1105 891 indiciis
1120 827 1121 866 ³
1136 844 1219 906 gatim
1244 847 1396 907 sequuntur
1420 848 1447 894 et
1463 859 1506 895 re-

329 938 389 975 rum
424 923 569 973 comitatur
598 935 707 971 carmen
735 921 822 970 averti
843 920 950 970 videtur
978 921 1214 984 obliquis‚fpente
1243 923 1317 972 velut
1348 924 1507 987 lymphatici

330 1005 427 1055 honori
448 1004 506 1067 ejus
527 1002 705 1051 canentium:
736 1005 766 1050 ut
780 1002 937 1052 offerentem
956 1001 1041 1051 cibam
1058 1002 1105 1050 ali·
1119 989 1121 1023 i
1135 1004 1248 1052 ventura
1271 991 1429 1067 praecinunt.
1455 1007 1506 1055 Bos

331 1085 482 1149 intelligere
492 1083 633 1133 videturet
644 1083 705 1132 ado·
736 1081 1172 1160 quaudouermaatcamCae-,ilti
1211 1083 1313 1133 famina
1355 1085 1506 1134 ostenditur

328 1166 382 1217 rari
402 1164 480 1215 velte.
497 1165 530 1213 Hi
550 1177 649 1228 greges
662 1177 705 1212 re·
733 1176 828 1222 saram,
849 1162 918 1212 sicut
939 1162 1037 1211 lectum
1054 1165 1104 1224 est,
1134 1163 1241 1213 inanno
1255 1164 1337 1213 semel
1346 1169 1373 1214 et
1385 1166 1443 1229 ipsa
1451 1179 1506 1214 non

328 1249 409 1310 pente
448 1243 580 1310 lymphati
614 1243 705 1294 lutura
734 1245 875 1292 aversatus
932 1242 1105 1306 portenderat
1135 1242 1238 1306 absque
1280 1245 1360 1294 cartis
1394 1245 1508 1308 insigni-

329 1327 491 1391 proecinunt.
522 1324 631 1374 Femina
661 1321 705 1371 boo
733 1323 816 1386 paulo
830 1324 893 1387 post
907 1325 1054 1373 eventura.
1074 1360 1103 1372 ..
1134 1325 1193 1384 hus
1220 1337 1280 1387 quae
1301 1325 1507 1388 atqueinventa

330 1403 415 1453 semel
439 1403 464 1452 ei
488 1416 561 1452 anno
584 1401 703 1451 ostendi·
1136 1407 1162 1454 ct
1177 1405 1267 1456 oblata
1284 1407 1333 1465 est,
1351 1406 1446 1456 eadem
1463 1406 1505 1456 die

328 1487 373 1534 tur
401 1498 408 1533 ε
439 1483 540 1533 suiset
560 1484 621 1546 ipsa
640 1482 703 1530 insi·
784 1511 881 1578 ΧΧΠ
912 1513 953 1578 15
985 1516 1024 1580 Π
1134 1486 1224 1535 statim
1247 1487 1307 1536 neci
1327 1486 1413 1537 datur.
1441 1487 1506 1551 Apis

886 1565 893 1595 t
954 1564 967 1594 θ
1030 1567 1037 1580 ·

328 1564 427 1627 gothus
442 1575 598 1627 quanquam
620 1561 701 1610 aliis:
1133 1565 1253 1616 natatem
1273 1567 1411 1632 Memptict
1434 1566 1504 1617 cete-

328 1657 490 1709 semperqua
510 1641 701 1693 eodemdieet
762 1673 796 1723 E,
827 1672 969 1722 mente,
998 1686 1105 1738 sempe,
1134 1644 1214 1696 braat
1233 1647 1307 1712 jactu
1330 1653 1431 1712 paterae
1455 1663 1504 1698 au-

328 1723 445 1772 inveniri
467 1736 527 1772 eam
551 1724 577 1772 et
601 1724 702 1772 exstin-
732 1753 836 1803 eaedem
850 1753 916 1802 Μ
931 1755 1008 1817 quasi
1028 1755 1104 1817 pacto
1118 1764 1120 1834 A
1133 1741 1187 1856 aa?
1213 1742 1292 1791 quam
1310 1729 1455 1793 projiciunt
1477 1730 1506 1780 in

1136 1828 1141 1856 ι
1155 1822 1183 1856 ιι

327 1803 374 1866 gui
390 1802 514 1894 tradunt,
527 1802 646 1867 Memphi
662 1805 703 1852 est
731 1831 960 1896 soederequodam
977 1835 1120 1907 mmm„
1220 1811 1320 1859 statum
1359 1810 1503 1874 gurgitem.

327 1884 403 1933 locus
427 1897 456 1932 1n
484 1884 544 1934 ero
574 1896 656 1946 quem
687 1896 702 1932 a
729 1927 778 1976 pe,
792 1917 888 1977 semem
906 1901 1120 1974 gaerimoniosos.
1139 1890 1199 1939 llaec
1212 1890 1368 1939 solemnitas
1383 1904 1430 1954 per
1446 1905 1504 1954 aep-

326 1962 413 2027 figura
433 1969 530 2014 vocant
553 1965 668 2015 Phialam
695 1981 701 2015 ι
732 1992 788 2042 dies
811 1994 954 2043 mitescunt
976 1993 1009 2043 ab
1033 1995 1105 2044 omn,
1136 1974 1186 2019 tem
1206 1970 1384 2034 dieaagitur:
1406 1971 1504 2034 quibus

328 2044 702 2096 omnihusannisibiauream
732 2074 836 2124 saeviti,
850 2073 1031 2124 desciscentes
1048 2076 1120 2138 qui„
1135 2050 1230 2100 diebus
1246 2065 1306 2100 cunt
1319 2050 1505 2102 sacerdotibus

327 2127 448 2188 pateram
491 2128 703 2190 argenteamque
732 2156 783 2205 hus
808 2154 959 2204 sacerdon,
986 2131 1266 2220 Mempht'qu³⁵d³m
1282 2131 1409 2181 crocodili
1422 2131 1502 2182 indu·

327 2208 456 2268 mergunt
472 2205 506 2254 iis
525 2205 619 2256 diebus
635 2221 703 2270 quos
731 2234 837 2284 stawles
851 2234 987 2284 celebrant
1001 2234 1062 2285 Nili·
1134 2213 1186 2262 tias
1201 2213 1310 2263 habent.

327 2284 429 2334 hahent
462 2285 568 2336 natales
600 2287 665 2350 Apis
696 2311 702 2345 :

330 2367 434 2427 septem
455 2365 484 2415 hi
508 2368 572 2416 sunt
589 2366 705 2416 mirum-

327 2458 381 2508 que
400 2445 538 2496 neminem
554 2461 602 2512 per
623 2461 670 2497 eos
690 2462 705 2497 a

326 2526 470 2576 crocodilis
484 2528 582 2590 attingi
593 2541 599 2577 ι
610 2529 704 2577 octavo

327 2611 387 2671 post
405 2607 500 2657 horam
527 2607 579 2657 diei
603 2613 705 2657 sextam

326 2687 417 2737 redire
441 2686 538 2737 belluae
558 2687 703 2738 feritatem.

373 2807 472 2874 Certe
489 2828 560 2873 non
581 2802 925 2875 diffite'ornonnullos
937 2806 1127 2876 Marcellini
1140 2805 1248 2873 nostri
1265 2806 1360 2873 locos
1373 2805 1503 2874 Plinia-

327 2923 382 2989 nis
399 2922 455 2992 vel
470 2921 585 2990 verbis
601 2923 656 2991 vel
670 2923 851 2990 sententiis
868 2923 1091 3013 respondere,
1109 2922 1209 3011 plura
1220 2931 1335 2988 tamen
1349 2921 1433 2989 mihi
1452 2923 1502 2989 vi-

326 3039 452 3106 dentur
466 3038 571 3106 verba
589 3061 667 3130 quae
693 3037 805 3106 Solini
821 3037 935 3106 verbis
960 3037 1180 3126 respondent.
1208 3037 1259 3104 Ex
1286 3035 1498 3126 quihus'haec

327 3154 498 3244 praecipue
516 3154 766 3222 consideranda
787 3162 878 3238 sunt,
900 3177 976 3244 quae
991 3153 1082 3243 apud
1103 3152 1253 3219 Plinium
1277 3152 1418 3242 reperiri
1437 3174 1502 3218 ne·

328 3275 470 3360 queunt.
486 3269 583 3338 Talia
597 3280 688 3354 sunt,
707 3281 746 3337 ut
763 3279 877 3337 cetera
891 3269 1059 3352 omittam,
1076 3297 1092 3332 a
1107 3267 1392 3337 corniculantis...
1406 3289 1500 3357 mys-

329 3386 516 3455 ticorum...
534 3386 670 3477 p'nhlico
681 3387 818 3454 luctu...
832 3393 970 3454 centnm
980 3385 1173 3452 antistitum
1186 3413 1217 3452 ».
1231 3385 1281 3452 Ex
1298 3407 1366 3474 qno
1378 3382 1500 3474 conjici

326 3511 440 3590 potest
455 3502 680 3570 Ammianum
699 3502 854 3570 Plinium
869 3502 1012 3569 fortasse
1028 3500 1235 3591 neglexisse,
1254 3500 1315 3575 sed
1330 3499 1499 3590 inprimis

325 3616 483 3684 Solinnm
502 3639 577 3685 esse
595 3617 781 3685 imitatum.

371 3732 552 3815 Similiter,
585 3739 672 3801 teste
694 3733 924 3803 Mommsenio
948 3755 1051 3823 supra
1084 3733 1265 3822 allegata¹,
1294 3740 1409 3800 errant
1436 3731 1495 3821 qui

231 3849 235 3859 '
325 3851 490 3918 Nostrum
518 3849 622 3941 huJus
650 3849 824 3940 scriptoris
853 3848 1079 3940 expilatorem
1106 3871 1181 3917 esse
1199 3848 1327 3916 dicunt.
1358 3847 1496 3914 Etenim

326 3966 414 4034 alios
440 3975 597 4034 auctores
618 3966 655 4033 in
679 3966 845 4034 auxilium
866 3965 1002 4035 vocavit
1026 3966 1084 4057 qni
1105 3965 1225 4033 eadem
1255 3972 1496 4033 tractaverant.

327 4080 427 4162 Quod
446 4080 617 4171 praecipne
637 4081 675 4148 in
698 4081 739 4148 iis
762 4105 838 4172 quae
855 4082 895 4150 de
912 4080 1048 4170 Scythis
1071 4081 1365 4164 commemoravit,
1387 4081 1422 4147 in
1436 4082 1490 4148 lu-

326 4217 400 4262 cem
413 4194 602 4285 producere
618 4196 709 4266 licet.
729 4197 916 4264 Considera
936 4195 1026 4262 enim
1053 4219 1129 4287 quae
1148 4196 1188 4263 de
1213 4195 1337 4263 iisdem
1362 4195 1498 4286 populis

328 4311 552 4400 prodiderunt
572 4322 640 4380 tres
671 4322 841 4389 auctores,
862 4312 1034 4392 videlicet,
1053 4312 1091 4378 P.
1108 4312 1219 4394 Maela,
1243 4311 1391 4394 Plinius,
1411 4310 1497 4380 Soli·

327 4447 404 4493 nus.
418 4427 525 4510 Certe,
545 4426 697 4518 primum
707 4451 776 4495 non
794 4438 825 4495 te
841 4427 951 4518 fugiet
962 4427 1184 4495 Ammianum
1201 4449 1278 4495 cum
1291 4425 1334 4493 iis
1346 4426 1495 4517 aliquam

326 4541 566 4632 cognationem
580 4550 744 4633 praestare
758 4545 793 4611 in
806 4544 858 4610 his
874 4543 960 4612 locis
974 4543 1031 4634 qui
1048 4541 1278 4632 sthiciuntur
1295 4568 1303 4609 :

358 4688 380 4732 l.
398 4684 427 4733 G.
450 4685 517 4733 tulii
538 4686 624 4736 solini
645 4686 806 4737 collectanea
825 4700 913 4736 reram
932 4685 1152 4747 memorabilium,
1170 4687 1239 4747 1864,
1256 4686 1344 4746 maa,
1359 4679 1403 4753 tpi.
1422 4700 1495 4748 rx1v;

327 4767 397 4824 1895,
415 4764 499 4826 Prost,
518 4765 561 4834 fpf.
578 4781 614 4818 vr.
