3360 5446
756 533 954 594 -52-.

266 684 365 742 turus
385 687 468 762 erat,
487 701 572 747 sano
594 690 627 747 et
653 681 787 770 integro
815 679 944 772 judicio
973 699 1057 745 usus
1083 698 1333 768 nonnunquam
1357 700 1433 746 esse

266 790 349 858 mihi
362 792 506 864 videtur.
519 796 634 878 Quum
651 798 778 864 multos
794 796 897 863 libros
913 792 1119 862 evolvendos
1129 800 1433 883 curasset‚quanta

266 904 445 999 diligentia
460 910 604 979 materia
616 912 811 1001 colligenda
837 921 871 979 et
894 908 1120 978 examinanda
1137 917 1236 992 esset,
1255 907 1432 975 nonnullis

263 1020 298 1088 in
318 1023 403 1091 locis
425 1037 639 1117 perspectum
671 1027 802 1096 habuit.
829 1026 919 1108 Quid
944 1025 1033 1093 enim
1061 1022 1208 1114 posteris
1238 1022 1431 1112 siguificare

261 1139 372 1206 voluit
400 1139 454 1208 his
487 1141 588 1211 dictis
620 1173 636 1206 α
670 1154 702 1210 et
727 1142 880 1234 loquitur
907 1149 1209 1209 monumentorum
1245 1137 1431 1206 concinens

262 1251 345 1320 tides
366 1263 404 1316 »¹
422 1255 488 1322 nisi
504 1278 580 1346 quae
601 1258 809 1349 collegisset,
824 1279 861 1325 se
886 1254 1163 1346 comparavisse?
1179 1252 1340 1321 Ceterum
1359 1274 1431 1319 non

260 1369 362 1436 modo
388 1370 446 1438 ubi
474 1372 563 1440 inter
586 1396 622 1441 se
650 1373 829 1465 scriptores
860 1371 1131 1455 consentiebant,
1158 1368 1218 1436 sed
1249 1367 1352 1436 etiam
1371 1366 1430 1435 ubi

259 1478 393 1550 inter'se
416 1484 676 1571 dissentiebant,
701 1487 909 1558 indicavit«
928 1487 1205 1555 Consentaneum
1224 1493 1287 1568 est,
1305 1482 1429 1573 inquit,

260 1596 497 1668 demonstrare
525 1604 755 1694 geographica
784 1604 1007 1694 perplexitate
1034 1608 1225 1669 monstrata
1260 1622 1337 1690 quae
1362 1598 1431 1668 'diu

258 1715 368 1783 multa
383 1717 465 1786 luda
481 1730 515 1786 et
528 1720 623 1787 varia
639 1721 777 1787 taudem
792 1720 941 1811 repperit
955 1719 1109 1787 veritatis
1131 1718 1265 1786 iuterna
1281 1745 1298 1781 »
1310 1719 1333 1786 ².
1348 1718 1431 1785 Haec

258 1831 374 1901 omnia
392 1833 476 1902 satis
497 1834 643 1925 probant
664 1858 741 1926 quae
761 1836 979 1906 Marcellinus
1003 1837 1044 1904 de
1069 1835 1228 1924 gentibus
1256 1834 1429 1903 continuae

256 1949 447 2036 narrationi
475 1949 633 2034 inseruit,
653 1973 693 2020 ea
715 1975 785 2019 non
800 1952 940 2020 omnino
958 1952 1032 2020 sine
1060 1973 1143 2020 cura
1158 1951 1266 2019 fuisse
1290 1949 1429 2042 conqui-

259 2063 336 2135 sita.

200 2171 202 2176 ’
297 2182 461 2250 Attamen
477 2183 594 2251 mirari
617 2183 697 2252 licet
724 2162 817 2275 quod
834 2185 877 2268 is,
900 2184 971 2253 sive
991 2184 1061 2252 acri
1081 2193 1115 2251 et
1133 2191 1292 2251 accurata
1313 2203 1429 2249 rerum

256 2296 611 2391 documentorumque
625 2300 822 2389 cognitione
835 2299 989 2392 adjutum
1000 2299 1145 2369 deluerit
1155 2299 1336 2390 judicium,
1355 2297 1427 2366 sive

255 2413 505 2481 controversias
522 2437 594 2482 suae
608 2409 830 2505 descriptioni
844 2415 995 2484 inserere
1011 2424 1049 2483 ut
1066 2415 1108 2484 ad
1120 2437 1193 2482 rem
1212 2424 1424 2505 properaret,

256 2529 417 2609 noluerit,
435 2529 476 2598 de
492 2529 636 2620 hisquae
654 2552 696 2597 ex
710 2531 814 2598 variis
830 2530 1029 2599 auctoribus
1052 2531 1234 2613 asciverat,
1253 2529 1341 2598 nihil
1357 2530 1426 2597 dis·

254 2647 452 2735 captaverit.
480 2645 587 2713 Nemo
616 2654 667 2714 est
694 2645 844 2736 quidem,
871 2657 909 2713 ut
939 2646 1072 2736 opinor,
1092 2645 1152 2737 qui
1175 2646 1216 2715 ab
1239 2647 1435 2742 Ammiano.

254 2772 324 2828 tam
341 2759 466 2829 subtile
484 2762 611 2830 mentis
628 2783 773 2830 acumen
783 2760 984 2851 postulabit,
1002 2771 1200 2851 tantamque
1217 2761 1421 2844 doctrinam,

253 2887 290 2942 ut
305 2877 416 2967 primo
432 2888 575 2968 aspectu
592 2888 682 2946 recte
701 2877 889 2966 perciperet
906 2876 989 2968 quid
1006 2878 1044 2945 in
1064 2877 1268 2968 scriptorum
1286 2886 1423 2945 senten-

253 2989 310 3056 tiis
326 2990 544 3072 claudicaret,
560 2990 644 3082 quid
665 2991 804 3059 valeret.
828 2991 912 3072 Quis
932 2991 1023 3059 enim
1042 2992 1151 3059 nescit
1174 2997 1292 3061 nostra
1318 2991 1423 3059 etiam

252 3114 352 3173 aetate
368 3107 495 3175 multas
513 3129 568 3174 res
590 3130 610 3175 a
629 3106 835 3175 doctissimis
862 3107 945 3177 viris
968 3109 1005 3175 in
1026 3108 1187 3200 ambiguo
1210 3107 1361 3175 servari?
1376 3108 1424 3174 At

206 3259 207 3262 =
252 3230 383 3303 auctor,
402 3243 478 3312 quae
496 3243 583 3316 vera¹
594 3233 653 3288 aut
668 3220 766 3304 lalsa,
786 3232 845 3289 aut
864 3221 967 3288 etiam
983 3221 1113 3289 incerta
1128 3221 1192 3290 sibi
1208 3221 1420 3305 viderentur,

252 3334 402 3405 indicare
428 3336 609 3428 potuisset.
637 3336 707 3419 Sic,
733 3341 771 3404 ut
799 3338 965 3428 exemplis
990 3338 1212 3427 proferendis
1229 3360 1299 3406 non
1315 3336 1423 3410 absti-

229 3518 235 3526 ,
252 3474 365 3532 neam,
383 3475 447 3520 nos
461 3455 560 3543 juvet
572 3474 780 3541 cognoscere
795 3453 878 3543 quid
892 3454 964 3543 ipse
976 3453 1148 3522 censuerit
1163 3453 1204 3520 de
1219 3453 1272 3520 his
1289 3475 1366 3545 quae
1378 3433 1421 3520 ad

253 3567 427 3635 Gallorum
451 3568 619 3658 originem
641 3568 828 3659 spectantia
844 3569 991 3636 retulit⁸.
1015 3570 1090 3637 Non
1113 3568 1282 3637 dubitavit
1305 3578 1420 3637 autem

250 3684 469 3754 Marcellinus
484 3685 716 3753 insulsissima
738 3687 968 3775 nugamenta⁸
993 3708 1260 3755 commemorare
1283 3709 1358 3776 quae
1378 3685 1419 3753 de

251 3822 292 3866 ea
309 3822 344 3866 re
364 3799 516 3867 ediderat
536 3800 754 3888 Timagenes.
775 3803 888 3892 Atque
904 3811 1037 3869 tantum
1058 3804 1265 3892 praemonuit
1290 3824 1326 3871 se
1345 3803 1420 3890 ejus

250 3915 351 3982 tidem
365 3926 521 3984 secutum
535 3916 654 3999 fuisse,
670 3926 771 4007 atque
785 3944 801 3979 «
817 3916 1020 3985 obscuritate
1032 3918 1159 3997 dimota
1171 3952 1186 3978 n
1200 3940 1276 4008 quae
1287 3939 1418 4005 graecus

252 4031 396 4120 scriptor
409 4032 619 4121 collegisset,
637 4031 783 4099 eadem«
802 4031 959 4100 distincte
973 4043 1007 4100 et
1020 4043 1134 4123 aperte
1151 4062 1167 4096 »
1186 4034 1417 4124 exposuisse⁵,

251 4148 376 4216 nedum
395 4148 477 4240 quid
507 4147 770 4240 admittendum,
787 4148 869 4238 quid
888 4149 1111 4236 rejiciendum
1133 4157 1237 4236 esset,
1256 4150 1419 4220 lectorem

637 4284 655 4320 Ι

282 4388 304 4434 l.
321 4386 395 4446 XXII,
416 4387 453 4448 16,
471 4387 510 4435 ta.

280 4468 303 4514 2.
320 4466 405 4526 XXXI,
421 4469 495 4526 212.

280 4548 303 4597 3.
321 4547 373 4606 XV,
388 4550 412 4607 9,
428 4550 450 4597 2.

280 4630 304 4675 t.
320 4628 357 4676 ot.
372 4627 417 4677 Ad.
434 4625 562 4687 Schmidt,
579 4625 628 4676 loc.
644 4625 701 4685 rit,
719 4628 766 4691 :pt
781 4627 820 4683 53,
833 4629 901 4679 nota
914 4626 944 4676 V.

280 4711 302 4756 5.
317 4707 393 4770 lbzd„
409 4708 461 4767 XV,
477 4710 500 4768 9,
516 4710 541 4756 2.
