3360 5446
737 511 936 574 -46-

254 660 353 752 cipue
370 660 593 750 conspicuum
615 673 667 731 est
690 661 821 752 ingenii
844 684 988 732 acumen
1004 659 1096 754 quod
1122 663 1301 747 nonnulla,
1323 687 1425 747 nova,

252 775 419 860 inaudita,
439 778 557 865 magni
573 777 751 859 momenti,
769 801 844 869 quae
860 780 1013 870 priorum
1028 788 1208 847 auctorum
1228 781 1429 875 peregrina·

253 901 433 984 torumque
461 895 582 962 oculos
608 905 641 961 et
657 894 812 963 animum
826 897 997 986 fugerant,
1021 895 1063 963 de
1083 896 1137 963 his
1160 896 1286 964 mirum
1310 896 1347 964 in
1360 920 1431 966 mo·

253 1013 334 1082 dum
353 1014 547 1104 perspexit.¹
563 1015 708 1104 Respice
733 1037 834 1106 quam
858 1015 968 1082 muita
991 1013 1113 1103 ignota
1140 1015 1308 1083 Romanis
1333 1026 1433 1084 antea

252 1139 367 1198 essent
383 1129 585 1210 chunnis,
604 1130 799 1211 Saracenis,
811 1129 970 1198 Bolanis!
988 1129 1041 1198 Ex
1056 1127 1180 1219 quibus
1197 1129 1328 1220 aliquot
1341 1129 1434 1198 varia

250 1244 366 1334 attigit
377 1245 501 1312 Noster
517 1253 548 1310 el
567 1243 667 1327 fines,
679 1253 712 1310 et
723 1242 890 1333 originem
907 1253 939 1310 et
954 1241 1106 1334 corporis
1125 1242 1293 1326 habitum,
1313 1253 1346 1311 et
1359 1266 1431 1312 ues-v

251 1359 368 1444 titum,
386 1365 419 1428 et
447 1359 577 1428 victum
595 1359 893 1448 etvagamviiam,
905 1367 939 1426 et
951 1356 1113 1440 indolem,
1127 1367 1160 1426 oi
1174 1358 1430 1440 studiohsiiica,

255 1486 290 1544 et
305 1475 484 1565 pugnandi
497 1474 680 1556 rationem,
697 1484 731 1543 at
744 1475 912 1543 instituta.
931 1475 1007 1541 Non
1023 1494 1077 1545 me
1092 1476 1209 1546 tamen
1227 1474 1316 1566 fugit
1339 1497 1431 1544 oum·

255 1591 332 1659 dem
348 1614 416 1659 non
435 1590 668 1661 eruditissimo
691 1590 808 1658 lectori
825 1589 866 1658 ab
884 1590 1088 1680 omniparis
1106 1589 1326 1675 satisfecisse,
1344 1591 1432 1658 mni-

256 1720 359 1798 taque
384 1709 420 1776 in
447 1711 522 1798 ejus
545 1705 817 1796 digressionibus
837 1727 912 1775 esse
934 1704 1157 1774 desideranda
1182 1728 1258 1797 quae
1277 1707 1321 1774 ad
1339 1728 1433 1775 com·

267 1823 384 1912 plures
411 1831 531 1911 gentes
558 1831 725 1891 terrarum
756 1827 838 1889 iuno
867 1830 1027 1888 nolarum
1055 1820 1237 1909 pertinent.
1272 1821 1341 1891 Sed
1368 1822 1432 1890 hoc

257 1936 414 2005 excusari
443 1945 555 2027 potest
579 1958 619 2004 eo
641 1937 732 2027 quod
757 1946 875 2004 nostra
898 1935 1001 2006 etiam
1030 1945 1128 2014 aetals
1162 1958 1231 2027 quo
1262 1937 1430 2005 clarorum

258 2053 408 2121 virorum
432 2073 568 2120 summa
589 2053 766 2144 diligentia
778 2053 820 2121 ad
836 2053 909 2121 haec
924 2052 1162 2144 cognoscenda
1178 2053 1363 2143 plurimum
1380 2061 1429 2122 at-

263 2166 350 2250 tulit‚
365 2165 457 2234 haud
469 2186 578 2255 pauca
590 2168 737 2258 reperire
750 2167 828 2235 licet
842 2167 954 2235 adhuc
966 2185 1087 2234 manca
1102 2177 1204 2256 atque
1219 2165 1428 2256 imperfecta.
