3412 5454
762 525 961 585 ..41-

276 673 358 742 colit
373 683 432 740 aut
452 693 533 739 arva
548 672 740 762 subigendo
757 675 915 765 quaeritat
930 675 1070 758 victum,
1082 725 1083 729 ,
1093 673 1160 754 sed
1172 683 1286 742 errant
1305 697 1439 768 semper

271 788 456 879 perspatia
474 788 577 878 longe
598 789 733 879 lateque
757 789 905 857 distenta
924 791 997 858 sine
1018 789 1089 856 lare
1111 788 1184 856 sine
1203 790 1342 858 sedibus
1362 793 1438 860 fixis

270 913 328 972 aut
344 903 479 991 legibus
507 926 515 968 :
537 926 600 971 neo
616 904 707 971 idom
734 906 911 996 perferunt
932 906 1059 973 diutius
1080 905 1201 972 caelum
1226 917 1284 973 aut
1308 917 1437 976 tractus

267 1020 372 1088 unius
389 1020 453 1086 soli
469 1019 538 1086 illis
559 1043 710 1111 unquam
730 1022 852 1112 placet.
878 1022 957 1089 Vita
978 1031 1030 1088 ost
1045 1020 1116 1086 illis
1144 1043 1279 1110 semper
1298 1023 1333 1089 in
1355 997 1438 1113 fuga

269 1139 461 1231 uxoresque
476 1140 696 1207 mercenariae
707 1142 881 1209 conductae
895 1140 938 1209 ad
952 1151 1136 1230 tempusex
1150 1145 1251 1227 pacto
1271 1147 1384 1228 atque,
1401 1149 1438 1204 ut

267 1255 311 1322 sit
326 1254 458 1344 species
477 1256 700 1340 matrimonii,
727 1255 817 1324 dotis
836 1256 975 1324 nomine
995 1256 1112 1323 futura
1134 1255 1287 1344 conjunx
1305 1253 1437 1321 hastam

268 1380 301 1439 et
316 1370 576 1439 tabernaculum
591 1372 687 1440 offert
702 1371 837 1456 marito,
854 1378 931 1462 post
947 1379 1072 1439 statum
1088 1369 1179 1438 diem
1193 1371 1223 1436 si
1238 1368 1273 1436 id
1294 1368 1438 1459 elegerit

269 1487 474 1569 discessura,
489 1496 523 1554 et
536 1486 736 1557 incredibile
753 1497 803 1555 est
818 1511 884 1578 quo
901 1487 1021 1555 ardore
1036 1485 1127 1578 apud
1141 1507 1201 1553 eos
1222 1485 1258 1551 in
1275 1504 1439 1551 venerem

267 1610 409 1691 uterque
428 1601 571 1669 solvitur
591 1625 704 1670 sexus.
721 1602 774 1671 Ita
793 1615 906 1671 autem
922 1603 1034 1692 quoad
1054 1601 1213 1684 vixerint,
1239 1601 1306 1667 late
1324 1600 1440 1690 palan-

264 1727 332 1797 tur,
350 1727 387 1784 ut
402 1718 486 1787 alibi
501 1718 628 1786 mulier
644 1719 762 1802 nubat,
781 1719 815 1786 in
836 1720 911 1787 loco
927 1719 1037 1809 pariat
1056 1717 1122 1786 alic
1145 1717 1339 1807 liberosque
1360 1738 1440 1806 pro·

267 1833 323 1900 cul
338 1832 459 1901 educat
471 1834 568 1900 nulla
586 1834 685 1923 copia
712 1834 906 1924 quiescendi
928 1833 1108 1926 permissa.
1129 1831 1249 1899 Victus
1268 1830 1439 1898 universis

264 1971 343 2017 carc
360 1949 470 2016 ferina
484 1943 535 2015 est
548 1950 719 2040 lactisque
733 1949 908 2017 abundans
931 1949 1114 2039 copiaque
1137 1955 1382 2029 sustentantur,
1404 1955 1437 2012 et
1535 2028 1540 2051 ι

234 2080 236 2084 ·
265 2064 383 2133 berbae
399 2064 609 2154 multiplices
626 2075 659 2134 et
674 2065 702 2132 si
718 2088 793 2155 quae
809 2065 908 2134 alites
928 2066 1004 2154 capi
1021 2088 1080 2154 per
1099 2062 1286 2153 aucupium
1306 2059 1439 2152 possint

265 2190 298 2247 et
314 2180 494 2271 plerosque
513 2204 576 2248 nos
597 2181 747 2248 vidimus
763 2182 925 2248 frumenti
936 2203 1039 2249 usum
1054 2190 1087 2247 et
1101 2178 1172 2246 vini
1188 2178 1325 2268 penitus
1340 2177 1437 2266 igno·

264 2293 409 2365 rantes¹.
429 2323 444 2356 »
1403 2273 1405 2278 .

308 2415 416 2484 Multo
440 2414 554 2481 minus
579 2413 620 2480 de
648 2435 712 2480 suo
734 2413 857 2504 adJeoit
879 2414 913 2480 in
936 2413 991 2481 his
1015 2411 1100 2481 locis
1117 2412 1174 2479 uhi
1190 2409 1232 2477 de
1255 2409 1435 2474 Persarum

264 2530 418 2598 moribus
436 2529 544 2596 verba
568 2528 675 2596 fecit².
703 2530 866 2597 Attamen
885 2530 960 2597 haec
976 2551 1066 2596 nova
1090 2526 1177 2595 mihi
1202 2525 1363 2594 videntur
1378 2522 1439 2609 ha-

265 2644 377 2712 henda
406 2666 482 2733 quae
498 2643 540 2711 ad
556 2666 677 2711 eorum
700 2643 965 2733 temperantiam
981 2642 1264 2733 prudentiamque
1280 2637 1437 2705 attinent.

269 2789 285 2823 «
301 2762 455 2828 Immune
475 2768 641 2850 quantum
658 2759 805 2827 restricti
823 2768 856 2826 et
872 2759 976 2838 cauti,
993 2758 1118 2849 inquit,
1135 2767 1173 2824 ut
1189 2757 1278 2823 inter
1293 2751 1436 2842 hostiles

263 2876 382 2943 hortos
397 2875 602 2966 gradientes
617 2897 868 2966 nonnunquam
881 2884 913 2942 et
928 2877 1055 2957 vineta,
1073 2897 1137 2942 neo
1149 2874 1288 2965 cupiant
1306 2873 1436 2964 aliquid

262 3014 328 3059 nec
351 2990 554 3078 contingant
582 3013 797 3058 venenorum
821 2999 854 3058 et
886 3000 1093 3058 secretarum
1117 2990 1240 3057 artium
1264 2994 1387 3058 metu⁸.
1416 3014 1432 3052 1

266 3106 458 3174 Mirandum
476 3112 528 3172 est
546 3105 637 3173 enim
660 3105 764 3196 quod,
782 3127 867 3195 quos
892 3105 1047 3175 ebrietati
1063 3106 1196 3173 deditos
1212 3128 1288 3173 esse
1306 3104 1437 3172 dixerat

266 3219 486 3302 Herodotus,
517 3241 576 3286 eos
609 3241 671 3287 sua
704 3225 805 3288 aetate
832 3230 1061 3310 temperantes
1090 3243 1165 3288 esse
1191 3219 1436 3288 existimaverit

265 3335 497 3404 Marcellinus.

314 3451 414 3533 Quod
451 3449 495 3517 ad
521 3450 710 3518 Germanos
732 3445 893 3541 pertinet,
915 3462 953 3519 ut
976 3452 1216 3519 animadvertit
1245 3452 1364 3528 Fustel
1395 3451 1436 3518 de

267 3566 474 3655 Coulanges.
493 3586 562 3632 non
578 3565 678 3653 plura
693 3566 807 3634 attulit
828 3589 919 3634 nova
932 3566 1139 3634 Ammianus
1158 3589 1261 3657 quam
1274 3545 1434 3635 nonnulli

264 3692 435 3764 auctores,
453 3681 550 3748 velut
568 3680 798 3765 Herodianus,
818 3682 881 3749 Dio
895 3682 1045 3766 Cassius,
1059 3682 1211 3750 historiae
1231 3683 1435 3771 Augustinae

266 3798 450 3887 scriptores
466 3795 525 3886 qui
540 3796 693 3864 Tacitum
711 3798 820 3865 secuti
837 3799 946 3866 sunt‘.
961 3801 1084 3889 Atque,
1096 3799 1132 3866 ni
1149 3798 1259 3881 fallor,
1272 3800 1434 3890 pleraque

264 3938 307 3983 ex
320 3913 492 4005 prioribus
516 3911 742 4002 scriptoribus
762 3914 942 4005 desumpta
965 3926 1055 3983 sunt.
1076 3916 1239 3983 Attamen
1263 3915 1331 3982 alia
1353 3924 1434 3983 sunt

264 4030 378 4099 dubia.
396 4028 491 4096 Talia
511 4038 590 4096 sunt
605 4051 680 4118 quae
696 4029 737 4096 de
754 4031 893 4098 Taifalis
910 4031 1057 4122 scripsit,
1071 4031 1198 4116 XXXl,
1211 4035 1243 4111 9,
1260 4031 1432 4098 11111111

263 4169 347 4214 vero
362 4147 494 4236 priores
512 4149 670 4212 auctores
683 4145 724 4212 de
739 4147 844 4214 variis
861 4147 1008 4237 populis,
1022 4147 1224 4215 Aristoteles
1241 4148 1371 4238 (Polio,
1385 4147 1429 4228 II,

262 4257 294 4336 6,
319 4257 366 4347 6),
398 4259 438 4326 de
468 4259 586 4343 Celtis,
610 4259 960 4352 Ρο111101111111111011.,
989 4264 1030 4343 V,
1056 4265 1115 4338 32;
1144 4263 1271 4344 Strab,
1297 4264 1360 4342 IV,
1385 4264 1428 4345 6;

1184 4366 1204 4409 ι

294 4449 320 4496 1.
337 4446 402 4505 xlv,
418 4449 441 4507 1,
458 4449 514 4497 311
532 4461 588 4511 seq.

290 4526 313 4575 2.
330 4525 403 4576 Cont.
419 4527 508 4597 ,1161
524 4527 611 4577 nostri
624 4527 754 4591 opusculi,
771 4530 835 4578 nota
849 4545 875 4579 α.

294 4607 317 4654 3.
332 4605 420 4665 xxllt,
436 4609 459 4664 6,
477 4609 516 4656 18.

290 4687 313 4734 1.
331 4686 481 4737 L'lnvasion
498 4688 668 4752 permutatque
682 4691 708 4737 et
723 4688 749 4736 la
764 4687 842 4751 finde
859 4686 993 4752 l'Emptre,
1009 4691 1079 4752 1891,
1095 4704 1121 4754 p.
1140 4692 1184 4739 211
1201 4693 1227 4738 et
1239 4692 1294 4738 211.
