3360 5446
765 561 941 620 ,9-

265 716 337 784 loci
353 713 547 782 Ammianei
562 736 666 804 supra
684 711 778 779 allati
789 712 847 802 qui
864 711 1097 797 adGallornm
1111 713 1317 798 sacerdotes,
1329 722 1435 795 vates,

171 820 179 828 ⁵*
263 831 425 920 ‘indolem
452 828 619 921 spectant,¹
646 829 699 897 his
729 829 876 896 narratis
893 827 1084 904 adhaerent.
1110 829 1208 898 Unde
1240 831 1438 918 conjectura

272 948 431 1036 consequi
446 930 631 1036 possumus
644 946 707 1012 hos
727 946 822 1011 locos
845 967 887 1011 ex
906 944 1026 1011 eodem
1043 950 1181 1012 auctore
1202 967 1277 1012 esse
1296 946 1433 1035 petitos.

272 1063 396 1132 Contra
410 1085 491 1158 vero
503 1062 632 1152 liquet,
650 1084 725 1151 quae
745 1061 786 1127 de
804 1060 924 1154 eadem
943 1060 1132 1150 rescripsit
1151 1061 1287 1144 Strabo,
1306 1083 1346 1128 ea
1364 1084 1434 1129 non

259 1179 380 1247 'minus
394 1187 490 1274 recte*
504 1201 607 1270 quam
624 1161 832 1245 Ammianea'
843 1176 885 1242 ad
900 1177 1087 1267 Europaeos
1109 1177 1225 1266 Gallos
1250 1199 1324 1244 esse
1344 1177 1433 1244 refe-

268 1296 401 1364 renda¹.
426 1297 600 1363 Praeterea
616 1294 687 1361 haec
708 1292 887 1383 utriusque
909 1315 1013 1382 supra
1031 1292 1155 1360 collata
1173 1293 1288 1382 aliquo
1305 1315 1433 1381 cogna-

269 1411 372 1479 tionis
386 1411 527 1480 vinculo
543 1431 618 1478 esse
631 1407 1000 1500 conjunctavi‘dentur.
1013 1408 1065 1474 Ex
1075 1431 1142 1498 quo
1156 1408 1194 1474 fit
1208 1418 1246 1475 ut
1260 1409 1433 1500 probabile

267 1529 310 1597 sit
323 1528 524 1598 Strabonem
572 1585 580 1595 .
596 1527 781 1617 Timagene
797 1525 971 1593 communi
987 1535 1125 1592 auctore
1140 1548 1242 1592 usum
1258 1549 1345 1594 esse.

311 1643 410 1726 Quod
426 1644 546 1734 siquis
562 1643 710 1735 objiciat,
729 1665 788 1710 eos
804 1643 897 1710 locos
914 1641 1118 1730 quibuscum
1138 1644 1334 1711 Ammianei
1351 1668 1434 1714 eon·

268 1765 409 1833 veniunt
430 1787 500 1832 non
515 1787 558 1831 ex
582 1765 768 1854 Timagene
787 1763 846 1830 sed
866 1785 908 1829 ex
927 1760 1114 1829 Posidonio
1131 1762 1189 1853 qui
1202 1763 1315 1852 priore
1335 1774 1434 1832 aetate

270 1882 414 1950 Galliam
432 1881 669 1972 descripserat,
686 1880 914 1970 assumpsisse
932 1879 1169 1964 Strabonem¹,
1183 1903 1250 1947 non
1267 1892 1318 1948 est
1331 1904 1434 1952 causa

265 1998 508 2066 curdillicilius
518 1997 699 2086 explanem
711 2018 785 2063 eam
803 1996 1045 2086 cognationem
1060 2017 1161 2086 quam
1174 1996 1263 2063 inter
1273 1999 1433 2066 Nostrum

269 2124 302 2182 et
317 2113 522 2181 Strabonem
537 2111 759 2204 deprehendi.
772 2111 929 2201 Namque
946 2112 1018 2178 fieri
1034 2112 1146 2201 potuit
1161 2121 1198 2180 ut
1213 2112 1431 2202 Timagenes,

268 2251 464 2322 quanquam
494 2229 530 2297 in
558 2228 678 2320 primis
714 2228 957 2296 Callisthenem
996 2228 1235 2317 compilavisse
1265 2229 1433 2312 videtur⁸,

267 2357 381 2414 tamen
400 2346 473 2435 ipse
486 2345 710 2412 Posidonium
726 2345 762 2411 in
775 2366 878 2412 manu
895 2343 1065 2424 habuerit,
1077 2343 1126 2411 ita
1142 2350 1177 2411 ut
1191 2345 1225 2411 in
1242 2354 1386 2435 utraque
1397 2369 1433 2414 re

263 2462 470 2531 Strabonem
487 2472 519 2529 et
537 2462 761 2528 Ammianum
777 2460 951 2528 communi
967 2460 1061 2527 fonte
1083 2483 1146 2528 sua
1164 2461 1318 2529 hausisse
1343 2462 1432 2528 veri-

262 2578 371 2647 simile
390 2578 447 2646 sit.
466 2576 533 2645 Sed
548 2578 583 2644 id
599 2576 732 2644 deliniri
748 2576 880 2666 nequit.

307 2694 347 2762 In
369 2693 558 2762 Ptolemaeo
588 2693 735 2782 legendo
759 2693 921 2760 eumdem
949 2693 1062 2761 studia
1085 2693 1270 2761 collocasse
1296 2695 1429 2784 opinor.

263 2811 359 2892 Quod
383 2810 493 2901 ipsius
515 2809 664 2878 auctoris
685 2808 895 2891 testimonio,
915 2809 950 2875 in
972 2809 1037 2876 hoc
1057 2808 1132 2877 loco
1150 2808 1208 2877 ubi
1236 2809 1327 2878 hunc
1351 2833 1430 2899 geo-

263 2926 432 3015 graphum
459 2926 663 2994 nominatim
692 2925 824 3009 attulit,
856 2926 1112 2993 confirmatur&
1141 2928 1302 2994 Attamen
1329 2928 1430 2995 aliam

262 3043 456 3135 opinionem
486 3065 560 3110 esse
593 3040 866 3110 Gardthausenio
891 3064 960 3109 non
989 3052 1040 3109 est
1070 3041 1369 3110 dissimulandum.
1394 3044 1429 3111 Is

262 3160 352 3227 enim
380 3159 555 3227 Ptolemaei
586 3158 832 3249 geographiam
866 3167 963 3248 putat
991 3181 1061 3225 non
1085 3158 1125 3225 ab
1150 3158 1333 3227 Ammiano
1355 3159 1429 3248 ipso

261 3276 366 3344 fuisse
398 3287 617 3367 usurpatam.
651 3275 713 3343 Cui
741 3275 769 3341 si
797 3275 934 3342 eredere
959 3274 1058 3357 velis,
1092 3274 1141 3341 ita
1172 3284 1303 3342 mutata
1329 3284 1430 3364 atque

262 3394 430 3461 inusitata
447 3404 526 3460 sunt
541 3392 684 3460 nomina
697 3404 734 3460 111
749 3392 869 3483 graecis
884 3391 1007 3460 litteris
1020 3392 1153 3460 erudito
1163 3402 1263 3483 atque
1278 3415 1431 3482 graecum

264 3509 438 3600 exemplar
453 3509 692 3576 transcribenti
709 3507 782 3575 viro
798 3531 867 3575 non
885 3508 954 3574 sint
969 3507 1159 3591 tribuenda,
1178 3509 1237 3575 sed
1251 3508 1342 3598 quod
1355 3509 1428 3576 haec

262 3635 393 3692 mutata
409 3625 443 3692 in
460 3623 666 3715 quibusdam
684 3624 820 3715 scriptis
840 3646 987 3715 agraeeo
1005 3647 1106 3713 opere
1130 3625 1165 3690 in
1185 3625 1329 3692 latinum
1345 3649 1427 3693 oon-

260 3742 370 3810 versis
399 3741 629 3830 reperiuntur,
659 3764 700 3829 111
740 3764 781 3809 11
825 3751 1015 3830 auguratur
1054 3740 1276 3808 Ammianum
1313 3741 1429 3832 aliqua

265 3857 518 3948 provinciarum
541 3857 798 3924 enumeratione
820 3881 861 3924 ex
881 3856 1068 3925 Ptolemaeo
1088 3866 1245 3946 excerpta
1265 3867 1367 3947 atque
1391 3859 1426 3923 in

256 3973 398 4041 latinam
411 3975 568 4064 linguam
583 3995 750 4040 conversa
766 3995 866 4040 usum
882 3974 988 4039 essel.

284 4267 305 4314 1.
323 4263 360 4314 Gt.
377 4262 507 4324 Schmidt,
525 4261 572 4311 loc.
589 4264 644 4322 111,
660 4261 707 4328 1‘p1.
723 4265 737 4311 9
752 4263 779 4311 et
795 4263 834 4309 10.
857 4261 953 4311 Confer
967 4274 1076 4325 quoque
1092 4263 1194 4324 Strab,
1210 4263 1262 4324 Vll,
1280 4268 1301 4313 1.

282 4345 306 4394 2.
322 4341 419 4393 Confer
433 4343 468 4392 M.
482 4342 592 4402 Dubois,
608 4343 728 4390 Examen
744 4341 775 4390 de
791 4340 818 4390 la
837 4341 994 4404 qeoqrephie
1008 4342 1040 4390 de
1054 4342 1169 4392 Strabon
1180 4359 1186 4392 :
1198 4362 1210 4387 «
1227 4344 1339 4393 Strabon
1358 4345 1421 4396 s'est

231 4423 400 4487 ¹largemcnt
422 4423 491 4472 servi
512 4422 544 4471 de
564 4422 724 4472 Posidonius
745 4441 767 4481 »,
788 4436 817 4485 p.
841 4423 900 4483 323;
920 4424 1081 4483 Mommsen,
1100 4413 1213 4482 11111111,
1229 4425 1292 4484 XVl,
1313 4439 1339 4486 p.
1355 4427 1415 4486 621;

247 4505 397 4562 Gimaaane,
412 4502 529 4551 Ammine
541 4503 676 4551 Marcellin
690 4516 699 4548 .·
713 4503 799 4550 socie
813 4506 839 4550 et
851 4516 898 4550 soe
914 4517 1009 4565 oeuvre,
1024 4503 1165 4563 Toulouse,
1183 4506 1250 4564 l8529,
1265 4519 1282 4568 p
1313 4507 1367 4553 212.

278 4586 300 4634 3.
317 4583 447 4644 Schmidt,
464 4583 511 4634 loc.
524 4584 584 4641 cit,
597 4583 641 4645 ,ἶρᾳ
655 4585 680 4645 9,

277 4667 301 4713 1.
318 4664 394 4723 XXll,
409 4666 431 4720 8,
449 4667 486 4712 111.

275 4747 300 4797 5.
319 4745 376 4794 Loe.
391 4745 446 4805 cit,
460 4760 486 4813 p.
504 4747 532 4794 18
548 4749 575 4795 11
591 4749 628 4796 19.
