<?xml version="1.0" encoding="UTF-8"?>
<!DOCTYPE html PUBLIC "-//W3C//DTD XHTML 1.0 Transitional//EN"
    "http://www.w3.org/TR/xhtml1/DTD/xhtml1-transitional.dtd">
<html xmlns="http://www.w3.org/1999/xhtml" xml:lang="en" lang="en">
 <head>
  <title>
</title>
<meta http-equiv="Content-Type" content="text/html;charset=utf-8" />
  <meta name='ocr-system' content='tesseract 3.04.00' />
  <meta name='ocr-capabilities' content='ocr_page ocr_carea ocr_par ocr_line ocrx_word'/>
</head>
<body>
  <div class='ocr_page' id='page_1' title='image "./deammianimarcel00malogoog_0077.png"; bbox 0 0 3360 5446; ppageno 0'>
   <div class='ocr_carea' id='block_1_1' title="bbox 801 565 998 625">
    <p class='ocr_par' dir='ltr' id='par_1_1' title="bbox 801 565 998 625">
     <span class='ocr_line' id='line_1_1' title="bbox 801 565 998 625; baseline -0.005 -16"><span class='ocrx_word' id='word_1_1' title='bbox 801 565 998 625; x_wconf 77' lang='grc'>-56-</span> 
     </span>
    </p>
   </div>
   <div class='ocr_carea' id='block_1_2' title="bbox 395 1429 754 1512">
    <p class='ocr_par' dir='ltr' id='par_1_2' title="bbox 395 1429 754 1512">
     <span class='ocr_line' id='line_1_2' title="bbox 395 1429 754 1512; baseline -0.008 -14"><span class='ocrx_word' id='word_1_2' title='bbox 395 1434 523 1511; x_wconf 62' lang='lat' dir='ltr'>dmm„</span> <span class='ocrx_word' id='word_1_3' title='bbox 537 1429 663 1512; x_wconf 85' lang='lat' dir='ltr'>XXXI,</span> <span class='ocrx_word' id='word_1_4' title='bbox 675 1432 707 1511; x_wconf 99' lang='grc'>2,</span> <span class='ocrx_word' id='word_1_5' title='bbox 724 1433 754 1496; x_wconf 81' lang='lat'>5.</span> 
     </span>
    </p>
   </div>
   <div class='ocr_carea' id='block_1_3' title="bbox 310 1555 850 1773">
    <p class='ocr_par' dir='ltr' id='par_1_3' title="bbox 310 1555 850 1773">
     <span class='ocr_line' id='line_1_3' title="bbox 311 1555 849 1621; baseline 0 -16"><span class='ocrx_word' id='word_1_6' title='bbox 311 1557 478 1606; x_wconf 87' lang='lat' dir='ltr'>indumentis</span> <span class='ocrx_word' id='word_1_7' title='bbox 496 1556 656 1621; x_wconf 86' lang='lat' dir='ltr'>operiuntur</span> <span class='ocrx_word' id='word_1_8' title='bbox 673 1555 783 1618; x_wconf 81' lang='lat' dir='ltr'>(Iluuni)</span> <span class='ocrx_word' id='word_1_9' title='bbox 797 1556 849 1605; x_wconf 89' lang='lat' dir='ltr'>lin-</span> 
     </span>
     <span class='ocr_line' id='line_1_4' title="bbox 310 1636 850 1701; baseline -0.006 -13"><span class='ocrx_word' id='word_1_10' title='bbox 310 1636 738 1701; x_wconf 83' lang='lat' dir='ltr'>teisvelexpellibussilvestrium</span> <span class='ocrx_word' id='word_1_11' title='bbox 745 1648 850 1685; x_wconf 89' lang='lat' dir='ltr'>murum</span> 
     </span>
     <span class='ocr_line' id='line_1_5' title="bbox 311 1716 512 1773; baseline -0.005 -8"><span class='ocrx_word' id='word_1_12' title='bbox 311 1716 512 1773; x_wconf 78' lang='lat' dir='ltr'><strong>consarcinatis,</strong></span> 
     </span>
    </p>
   </div>
   <div class='ocr_carea' id='block_1_4' title="bbox 358 1833 884 1922">
    <p class='ocr_par' dir='ltr' id='par_1_4' title="bbox 358 1833 884 1922">
     <span class='ocr_line' id='line_1_6' title="bbox 358 1833 884 1922; baseline 0.002 -22"><span class='ocrx_word' id='word_1_13' title='bbox 358 1837 387 1920; x_wconf 87' lang='lat' dir='ltr'>c)</span> <span class='ocrx_word' id='word_1_14' title='bbox 400 1833 483 1915; x_wconf 73' lang='lat' dir='ltr'>Quae</span> <span class='ocrx_word' id='word_1_15' title='bbox 492 1833 534 1900; x_wconf 90' lang='lat' dir='ltr'>ad</span> <span class='ocrx_word' id='word_1_16' title='bbox 545 1842 702 1901; x_wconf 87' lang='lat' dir='ltr'>naturam</span> <span class='ocrx_word' id='word_1_17' title='bbox 714 1841 884 1922; x_wconf 87' lang='lat' dir='ltr'>spectant:</span> 
     </span>
    </p>
   </div>
   <div class='ocr_carea' id='block_1_5' title="bbox 399 1975 774 2059">
    <p class='ocr_par' dir='ltr' id='par_1_5' title="bbox 399 1975 774 2059">
     <span class='ocr_line' id='line_1_7' title="bbox 399 1975 774 2059; baseline 0.008 -16"><span class='ocrx_word' id='word_1_18' title='bbox 399 1976 529 2059; x_wconf 82' lang='lat' dir='ltr'>Amm,</span> <span class='ocrx_word' id='word_1_19' title='bbox 547 1975 672 2058; x_wconf 88' lang='lat' dir='ltr'>XXXI,</span> <span class='ocrx_word' id='word_1_20' title='bbox 691 1980 724 2058; x_wconf 85' lang='lat'>2,</span> <span class='ocrx_word' id='word_1_21' title='bbox 744 1982 774 2046; x_wconf 85' lang='lat' dir='ltr'>i.</span> 
     </span>
    </p>
   </div>
   <div class='ocr_carea' id='block_1_6' title="bbox 319 2102 849 2231">
    <p class='ocr_par' dir='ltr' id='par_1_6' title="bbox 319 2102 849 2231">
     <span class='ocr_line' id='line_1_8' title="bbox 347 2102 849 2165; baseline 0 -14"><span class='ocrx_word' id='word_1_22' title='bbox 347 2102 508 2151; x_wconf 85' lang='lat' dir='ltr'>Hunnorum</span> <span class='ocrx_word' id='word_1_23' title='bbox 529 2115 625 2165; x_wconf 83' lang='lat' dir='ltr'>gens...</span> <span class='ocrx_word' id='word_1_24' title='bbox 655 2114 762 2151; x_wconf 91' lang='lat' dir='ltr'>omnem</span> <span class='ocrx_word' id='word_1_25' title='bbox 788 2115 849 2151; x_wconf 92' lang='lat' dir='ltr'>mo-</span> 
     </span>
     <span class='ocr_line' id='line_1_9' title="bbox 319 2179 630 2231; baseline -0.006 0"><span class='ocrx_word' id='word_1_26' title='bbox 319 2183 383 2231; x_wconf 90' lang='lat' dir='ltr'>dum</span> <span class='ocrx_word' id='word_1_27' title='bbox 395 2181 509 2230; x_wconf 80' lang='lat' dir='ltr'>feritatis</span> <span class='ocrx_word' id='word_1_28' title='bbox 520 2179 630 2229; x_wconf 82' lang='lat' dir='ltr'>excedit.</span> 
     </span>
    </p>
   </div>
   <div class='ocr_carea' id='block_1_7' title="bbox 453 2682 712 2761">
    <p class='ocr_par' dir='ltr' id='par_1_7' title="bbox 453 2682 712 2761">
     <span class='ocr_line' id='line_1_10' title="bbox 453 2682 712 2761; baseline 0.004 -12"><span class='ocrx_word' id='word_1_29' title='bbox 453 2682 580 2761; x_wconf 88' lang='lat' dir='ltr'>XXXI,</span> <span class='ocrx_word' id='word_1_30' title='bbox 605 2682 638 2759; x_wconf 85' lang='lat'>2,</span> <span class='ocrx_word' id='word_1_31' title='bbox 659 2687 712 2750; x_wconf 85' lang='lat' dir='ltr'>ii.</span> 
     </span>
    </p>
   </div>
   <div class='ocr_carea' id='block_1_8' title="bbox 352 2806 621 2858">
    <p class='ocr_par' dir='ltr' id='par_1_8' title="bbox 352 2806 621 2858">
     <span class='ocr_line' id='line_1_11' title="bbox 352 2806 621 2858; baseline -0.011 0"><span class='ocrx_word' id='word_1_32' title='bbox 352 2810 399 2858; x_wconf 89' lang='lat' dir='ltr'>Per</span> <span class='ocrx_word' id='word_1_33' title='bbox 413 2807 529 2857; x_wconf 79' lang='lat' dir='ltr'><strong>indutias</strong></span> <span class='ocrx_word' id='word_1_34' title='bbox 545 2806 621 2856; x_wconf 88' lang='lat' dir='ltr'>infidi</span> 
     </span>
    </p>
   </div>
   <div class='ocr_carea' id='block_1_9' title="bbox 366 2942 890 3032">
    <p class='ocr_par' dir='ltr' id='par_1_9' title="bbox 366 2942 890 3032">
     <span class='ocr_line' id='line_1_12' title="bbox 366 2942 890 3032; baseline -0.008 -23"><span class='ocrx_word' id='word_1_35' title='bbox 366 2943 399 3030; x_wconf 87' lang='lat' dir='ltr'>d)</span> <span class='ocrx_word' id='word_1_36' title='bbox 417 2942 500 3024; x_wconf 84' lang='lat' dir='ltr'>Quae</span> <span class='ocrx_word' id='word_1_37' title='bbox 517 2943 558 3008; x_wconf 92' lang='lat' dir='ltr'>ad</span> <span class='ocrx_word' id='word_1_38' title='bbox 579 2964 691 3010; x_wconf 89' lang='lat' dir='ltr'>mores</span> <span class='ocrx_word' id='word_1_39' title='bbox 708 2947 863 3032; x_wconf 82' lang='lat' dir='ltr'>speciant</span> <span class='ocrx_word' id='word_1_40' title='bbox 882 2964 890 3005; x_wconf 93' lang='lat'><strong>:</strong></span> 
     </span>
    </p>
   </div>
   <div class='ocr_carea' id='block_1_10' title="bbox 398 3103 785 3187">
    <p class='ocr_par' dir='ltr' id='par_1_10' title="bbox 398 3103 785 3187">
     <span class='ocr_line' id='line_1_13' title="bbox 398 3103 785 3187; baseline -0.005 -17"><span class='ocrx_word' id='word_1_41' title='bbox 398 3106 527 3187; x_wconf 84' lang='lat' dir='ltr'>Amm,</span> <span class='ocrx_word' id='word_1_42' title='bbox 540 3103 666 3185; x_wconf 84' lang='lat' dir='ltr'>XXXI,</span> <span class='ocrx_word' id='word_1_43' title='bbox 680 3107 714 3184; x_wconf 83' lang='lat'>2,</span> <span class='ocrx_word' id='word_1_44' title='bbox 734 3107 785 3172; x_wconf 80' lang='lat' dir='ltr'>It).</span> 
     </span>
    </p>
   </div>
   <div class='ocr_carea' id='block_1_11' title="bbox 325 3245 858 3389">
    <p class='ocr_par' dir='ltr' id='par_1_11' title="bbox 325 3245 858 3389">
     <span class='ocr_line' id='line_1_14' title="bbox 355 3245 858 3309; baseline -0.002 -14"><span class='ocrx_word' id='word_1_45' title='bbox 355 3247 465 3309; x_wconf 85' lang='lat' dir='ltr'>(Hunni)</span> <span class='ocrx_word' id='word_1_46' title='bbox 485 3246 587 3309; x_wconf 81' lang='lat' dir='ltr'>absque</span> <span class='ocrx_word' id='word_1_47' title='bbox 601 3247 655 3296; x_wconf 87' lang='lat' dir='ltr'>iare</span> <span class='ocrx_word' id='word_1_48' title='bbox 670 3247 712 3295; x_wconf 86' lang='lat' dir='ltr'>vei</span> <span class='ocrx_word' id='word_1_49' title='bbox 730 3245 789 3309; x_wconf 83' lang='lat' dir='ltr'>lege</span> <span class='ocrx_word' id='word_1_50' title='bbox 812 3247 858 3295; x_wconf 87' lang='lat' dir='ltr'>aut</span> 
     </span>
     <span class='ocr_line' id='line_1_15' title="bbox 325 3324 693 3389; baseline 0.005 -16"><span class='ocrx_word' id='word_1_51' title='bbox 325 3327 395 3375; x_wconf 88' lang='lat' dir='ltr'>victu</span> <span class='ocrx_word' id='word_1_52' title='bbox 412 3325 500 3376; x_wconf 86' lang='lat' dir='ltr'>stabili</span> <span class='ocrx_word' id='word_1_53' title='bbox 515 3324 693 3389; x_wconf 88' lang='lat' dir='ltr'>dispalantur,</span> 
     </span>
    </p>
   </div>
   <div class='ocr_carea' id='block_1_12' title="bbox 473 3464 700 3547">
    <p class='ocr_par' dir='ltr' id='par_1_12' title="bbox 473 3464 700 3547">
     <span class='ocr_line' id='line_1_16' title="bbox 473 3464 700 3547; baseline 0.013 -17"><span class='ocrx_word' id='word_1_54' title='bbox 473 3464 599 3546; x_wconf 77' lang='lat' dir='ltr'>xxxi,</span> <span class='ocrx_word' id='word_1_55' title='bbox 616 3468 648 3547; x_wconf 82' lang='lat'>2,</span> <span class='ocrx_word' id='word_1_56' title='bbox 669 3470 700 3533; x_wconf 83' lang='lat' dir='ltr'>a.</span> 
     </span>
    </p>
   </div>
   <div class='ocr_carea' id='block_1_13' title="bbox 328 3588 860 3726">
    <p class='ocr_par' dir='ltr' id='par_1_13' title="bbox 328 3588 860 3726">
     <span class='ocr_line' id='line_1_17' title="bbox 328 3588 860 3654; baseline 0 -15"><span class='ocrx_word' id='word_1_57' title='bbox 328 3591 416 3639; x_wconf 83' lang='lat' dir='ltr'>subito</span> <span class='ocrx_word' id='word_1_58' title='bbox 432 3589 464 3638; x_wconf 92' lang='lat' dir='ltr'>de</span> <span class='ocrx_word' id='word_1_59' title='bbox 484 3588 618 3640; x_wconf 85' lang='lat' dir='ltr'>industria</span> <span class='ocrx_word' id='word_1_60' title='bbox 645 3590 759 3654; x_wconf 87' lang='lat' dir='ltr'>dispersi</span> <span class='ocrx_word' id='word_1_61' title='bbox 776 3591 860 3653; x_wconf 84' lang='lat' dir='ltr'>viges·</span> 
     </span>
     <span class='ocr_line' id='line_1_18' title="bbox 329 3672 401 3726; baseline -0.014 -7"><span class='ocrx_word' id='word_1_62' title='bbox 329 3672 401 3726; x_wconf 90' lang='lat' dir='ltr'>cunt,</span> 
     </span>
    </p>
   </div>
   <div class='ocr_carea' id='block_1_14' title="bbox 502 3805 695 3886">
    <p class='ocr_par' dir='ltr' id='par_1_14' title="bbox 502 3805 695 3886">
     <span class='ocr_line' id='line_1_19' title="bbox 502 3805 695 3886; baseline 0 -16"><span class='ocrx_word' id='word_1_63' title='bbox 502 3805 695 3886; x_wconf 71' lang='lat' dir='ltr'>muas.</span> 
     </span>
    </p>
   </div>
   <div class='ocr_carea' id='block_1_15' title="bbox 331 3928 864 4138">
    <p class='ocr_par' dir='ltr' id='par_1_15' title="bbox 331 3928 864 4138">
     <span class='ocr_line' id='line_1_20' title="bbox 362 3928 864 3994; baseline 0 -16"><span class='ocrx_word' id='word_1_64' title='bbox 362 3928 516 3992; x_wconf 79' lang='lat' dir='ltr'>(Saraceni)</span> <span class='ocrx_word' id='word_1_65' title='bbox 535 3928 582 3978; x_wconf 89' lang='lat' dir='ltr'>sed</span> <span class='ocrx_word' id='word_1_66' title='bbox 597 3930 686 3977; x_wconf 87' lang='lat' dir='ltr'>errant</span> <span class='ocrx_word' id='word_1_67' title='bbox 701 3943 807 3994; x_wconf 89' lang='lat' dir='ltr'>semper</span> <span class='ocrx_word' id='word_1_68' title='bbox 816 3944 864 3994; x_wconf 85' lang='lat' dir='ltr'>per</span> 
     </span>
     <span class='ocr_line' id='line_1_21' title="bbox 332 4007 863 4071; baseline 0.008 -16"><span class='ocrx_word' id='word_1_69' title='bbox 332 4009 418 4071; x_wconf 77' lang='lat' dir='ltr'>spada</span> <span class='ocrx_word' id='word_1_70' title='bbox 444 4007 524 4071; x_wconf 79' lang='lat' dir='ltr'>longe</span> <span class='ocrx_word' id='word_1_71' title='bbox 547 4009 652 4071; x_wconf 85' lang='lat' dir='ltr'>lateque</span> <span class='ocrx_word' id='word_1_72' title='bbox 676 4009 863 4060; x_wconf 85' lang='lat' dir='ltr'>distentasine</span> 
     </span>
     <span class='ocr_line' id='line_1_22' title="bbox 331 4089 719 4138; baseline 0.005 -2"><span class='ocrx_word' id='word_1_73' title='bbox 331 4090 385 4137; x_wconf 89' lang='lat' dir='ltr'>lare</span> <span class='ocrx_word' id='word_1_74' title='bbox 400 4090 457 4137; x_wconf 90' lang='lat' dir='ltr'>siue</span> <span class='ocrx_word' id='word_1_75' title='bbox 472 4089 581 4138; x_wconf 87' lang='lat' dir='ltr'>sedibus</span> <span class='ocrx_word' id='word_1_76' title='bbox 596 4089 719 4138; x_wconf 86' lang='lat' dir='ltr'>Iixis......</span> 
     </span>
    </p>
   </div>
   <div class='ocr_carea' id='block_1_16' title="bbox 473 4222 729 4304">
    <p class='ocr_par' dir='ltr' id='par_1_16' title="bbox 473 4222 729 4304">
     <span class='ocr_line' id='line_1_23' title="bbox 473 4222 729 4304; baseline 0.004 -15"><span class='ocrx_word' id='word_1_77' title='bbox 473 4222 600 4303; x_wconf 77' lang='lat' dir='ltr'>xxxi,</span> <span class='ocrx_word' id='word_1_78' title='bbox 620 4225 652 4304; x_wconf 82' lang='lat'>2,</span> <span class='ocrx_word' id='word_1_79' title='bbox 675 4225 729 4290; x_wconf 80' lang='lat' dir='ltr'>m.</span> 
     </span>
    </p>
   </div>
   <div class='ocr_carea' id='block_1_17' title="bbox 367 4347 866 4414">
    <p class='ocr_par' dir='ltr' id='par_1_17' title="bbox 367 4347 866 4414">
     <span class='ocr_line' id='line_1_24' title="bbox 367 4347 866 4414; baseline 0.01 -18"><span class='ocrx_word' id='word_1_80' title='bbox 367 4348 492 4411; x_wconf 81' lang='lat' dir='ltr'>(Halani)</span> <span class='ocrx_word' id='word_1_81' title='bbox 519 4347 678 4411; x_wconf 89' lang='lat' dir='ltr'>Hunuieque</span> <span class='ocrx_word' id='word_1_82' title='bbox 706 4364 755 4414; x_wconf 88' lang='lat' dir='ltr'>per</span> <span class='ocrx_word' id='word_1_83' title='bbox 776 4354 866 4402; x_wconf 91' lang='lat' dir='ltr'>omnia</span> 
     </span>
    </p>
   </div>
   <div class='ocr_carea' id='block_1_18' title="bbox 337 4430 867 4569">
    <p class='ocr_par' dir='ltr' id='par_1_18' title="bbox 337 4430 867 4569">
     <span class='ocr_line' id='line_1_25' title="bbox 337 4430 867 4491; baseline 0.008 -15"><span class='ocrx_word' id='word_1_84' title='bbox 337 4442 473 4491; x_wconf 78' lang='lat' dir='ltr'>suppares,</span> <span class='ocrx_word' id='word_1_85' title='bbox 493 4441 586 4476; x_wconf 90' lang='lat' dir='ltr'>verum</span> <span class='ocrx_word' id='word_1_86' title='bbox 609 4430 678 4480; x_wconf 86' lang='lat' dir='ltr'>victu</span> <span class='ocrx_word' id='word_1_87' title='bbox 699 4430 819 4481; x_wconf 79' lang='lat' dir='ltr'>mitiores</span> <span class='ocrx_word' id='word_1_88' title='bbox 841 4433 867 4480; x_wconf 92' lang='lat' dir='ltr'>et</span> 
     </span>
     <span class='ocr_line' id='line_1_26' title="bbox 338 4509 420 4569; baseline 0.024 -14"><span class='ocrx_word' id='word_1_89' title='bbox 338 4509 420 4569; x_wconf 89' lang='lat' dir='ltr'>cultu,</span> 
     </span>
    </p>
   </div>
   <div class='ocr_carea' id='block_1_19' title="bbox 937 704 1561 850">
    <p class='ocr_par' dir='ltr' id='par_1_19' title="bbox 937 704 1561 850">
     <span class='ocr_line' id='line_1_27' title="bbox 937 704 1475 770; baseline -0.02 -7"><span class='ocrx_word' id='word_1_90' title='bbox 937 714 1025 763; x_wconf 87' lang='lat' dir='ltr'>Massa</span> <span class='ocrx_word' id='word_1_91' title='bbox 1038 708 1154 760; x_wconf 89' lang='lat' dir='ltr'>rotunda</span> <span class='ocrx_word' id='word_1_92' title='bbox 1170 708 1251 770; x_wconf 87' lang='lat' dir='ltr'>caput</span> <span class='ocrx_word' id='word_1_93' title='bbox 1271 720 1277 754; x_wconf 92' lang='lat'>:</span> <span class='ocrx_word' id='word_1_94' title='bbox 1294 705 1408 769; x_wconf 80' lang='lat' dir='ltr'>geminis</span> <span class='ocrx_word' id='word_1_95' title='bbox 1424 704 1475 753; x_wconf 89' lang='lat' dir='ltr'>sub</span> 
     </span>
     <span class='ocr_line' id='line_1_28' title="bbox 938 783 1561 850; baseline -0.021 -8"><span class='ocrx_word' id='word_1_96' title='bbox 938 793 1024 842; x_wconf 84' lang='lat' dir='ltr'>iroute</span> <span class='ocrx_word' id='word_1_97' title='bbox 1043 788 1176 850; x_wconf 87' lang='lat' dir='ltr'>cavernis]</span> <span class='ocrx_word' id='word_1_98' title='bbox 1190 787 1272 836; x_wconf 76' lang='lat' dir='ltr'>i&#39;lsus</span> <span class='ocrx_word' id='word_1_99' title='bbox 1290 784 1364 834; x_wconf 86' lang='lat' dir='ltr'>adest</span> <span class='ocrx_word' id='word_1_100' title='bbox 1385 783 1470 834; x_wconf 88' lang='lat' dir='ltr'>oculis</span> <span class='ocrx_word' id='word_1_101' title='bbox 1558 810 1561 815; x_wconf 91' lang='lat'>·</span> 
     </span>
    </p>
   </div>
   <div class='ocr_carea' id='block_1_20' title="bbox 939 865 1475 922">
    <p class='ocr_par' dir='ltr' id='par_1_20' title="bbox 939 865 1475 922">
     <span class='ocr_line' id='line_1_29' title="bbox 939 865 1475 922; baseline -0.019 0"><span class='ocrx_word' id='word_1_102' title='bbox 939 871 1094 922; x_wconf 86' lang='lat' dir='ltr'>absentibus</span> <span class='ocrx_word' id='word_1_103' title='bbox 1112 883 1118 917; x_wconf 75' lang='grc' dir='ltr'><strong><em>ε</em></strong></span> <span class='ocrx_word' id='word_1_104' title='bbox 1133 869 1192 918; x_wconf 84' lang='lat' dir='ltr'>acta</span> <span class='ocrx_word' id='word_1_105' title='bbox 1207 865 1348 916; x_wconf 82' lang='lat' dir='ltr'>cerebri..</span> <span class='ocrx_word' id='word_1_106' title='bbox 1386 901 1393 914; x_wconf 96' lang='lat'>.</span> <span class='ocrx_word' id='word_1_107' title='bbox 1426 900 1432 912; x_wconf 95' lang='lat'>.</span> <span class='ocrx_word' id='word_1_108' title='bbox 1469 901 1475 913; x_wconf 93' lang='lat'>.</span> 
     </span>
    </p>
   </div>
   <div class='ocr_carea' id='block_1_21' title="bbox 942 1023 1477 1322">
    <p class='ocr_par' dir='ltr' id='par_1_21' title="bbox 942 1023 1477 1322">
     <span class='ocr_line' id='line_1_30' title="bbox 943 1023 1477 1093; baseline -0.019 -11"><span class='ocrx_word' id='word_1_109' title='bbox 943 1072 948 1082; x_wconf 94' lang='lat'>.</span> <span class='ocrx_word' id='word_1_110' title='bbox 984 1071 989 1082; x_wconf 93' lang='lat'>.</span> <span class='ocrx_word' id='word_1_111' title='bbox 1025 1023 1477 1093; x_wconf 74' lang='lat' dir='ltr'>.Sicpropterproelianatosiiiia·</span> 
     </span>
     <span class='ocr_line' id='line_1_31' title="bbox 943 1103 1476 1168; baseline -0.017 -7"><span class='ocrx_word' id='word_1_112' title='bbox 943 1115 1036 1163; x_wconf 87' lang='lat' dir='ltr'>ternus</span> <span class='ocrx_word' id='word_1_113' title='bbox 1059 1109 1193 1160; x_wconf 83' lang='lat' dir='ltr'>deformat</span> <span class='ocrx_word' id='word_1_114' title='bbox 1207 1119 1292 1167; x_wconf 83' lang='lat' dir='ltr'>amor,</span> <span class='ocrx_word' id='word_1_115' title='bbox 1316 1103 1476 1168; x_wconf 85' lang='lat' dir='ltr'>quia&#39;tensa</span> 
     </span>
     <span class='ocr_line' id='line_1_32' title="bbox 942 1183 1476 1257; baseline -0.022 -14"><span class='ocrx_word' id='word_1_116' title='bbox 942 1190 1081 1257; x_wconf 79' lang='lat' dir='ltr'>genarum]</span> <span class='ocrx_word' id='word_1_117' title='bbox 1094 1191 1154 1239; x_wconf 92' lang='lat' dir='ltr'>Non</span> <span class='ocrx_word' id='word_1_118' title='bbox 1171 1187 1325 1251; x_wconf 85' lang='lat' dir='ltr'>interjecto,</span> <span class='ocrx_word' id='word_1_119' title='bbox 1341 1184 1371 1234; x_wconf 86' lang='lat' dir='ltr'>tit</span> <span class='ocrx_word' id='word_1_120' title='bbox 1385 1183 1476 1244; x_wconf 84' lang='lat' dir='ltr'>latior,</span> 
     </span>
     <span class='ocr_line' id='line_1_33' title="bbox 945 1285 1117 1322; baseline -0.023 0"><span class='ocrx_word' id='word_1_121' title='bbox 945 1286 1005 1322; x_wconf 89' lang='lat' dir='ltr'>area</span> <span class='ocrx_word' id='word_1_122' title='bbox 1021 1285 1117 1321; x_wconf 87' lang='lat' dir='ltr'>naso...</span> 
     </span>
    </p>
   </div>
   <div class='ocr_carea' id='block_1_22' title="bbox 1112 1423 1428 1515">
    <p class='ocr_par' dir='ltr' id='par_1_22' title="bbox 1112 1423 1428 1515">
     <span class='ocr_line' id='line_1_34' title="bbox 1112 1423 1428 1515; baseline -0.016 -16"><span class='ocrx_word' id='word_1_123' title='bbox 1112 1431 1261 1515; x_wconf 82' lang='lat' dir='ltr'>Jorn.,l.</span> <span class='ocrx_word' id='word_1_124' title='bbox 1277 1429 1320 1496; x_wconf 94' lang='lat' dir='ltr'>II.</span> <span class='ocrx_word' id='word_1_125' title='bbox 1426 1423 1428 1427; x_wconf 46' lang='lat'><em>⁴</em></span> 
     </span>
    </p>
   </div>
   <div class='ocr_carea' id='block_1_23' title="bbox 951 1552 1484 1767">
    <p class='ocr_par' dir='ltr' id='par_1_23' title="bbox 951 1552 1484 1767">
     <span class='ocr_line' id='line_1_35' title="bbox 981 1552 1482 1619; baseline -0.008 -14"><span class='ocrx_word' id='word_1_126' title='bbox 981 1556 1131 1619; x_wconf 86' lang='lat' dir='ltr'>Hunnigari</span> <span class='ocrx_word' id='word_1_127' title='bbox 1153 1554 1218 1604; x_wconf 90' lang='lat' dir='ltr'>hinc</span> <span class='ocrx_word' id='word_1_128' title='bbox 1241 1557 1305 1605; x_wconf 90' lang='lat' dir='ltr'>sunt</span> <span class='ocrx_word' id='word_1_129' title='bbox 1333 1553 1391 1603; x_wconf 91' lang='lat' dir='ltr'>noti</span> <span class='ocrx_word' id='word_1_130' title='bbox 1418 1552 1482 1616; x_wconf 87' lang='lat' dir='ltr'>quia</span> 
     </span>
     <span class='ocr_line' id='line_1_36' title="bbox 951 1633 1484 1702; baseline -0.009 -16"><span class='ocrx_word' id='word_1_131' title='bbox 951 1638 985 1686; x_wconf 89' lang='lat' dir='ltr'>ah</span> <span class='ocrx_word' id='word_1_132' title='bbox 1008 1636 1075 1702; x_wconf 88' lang='lat' dir='ltr'>ipsis</span> <span class='ocrx_word' id='word_1_133' title='bbox 1097 1636 1210 1700; x_wconf 89' lang='lat' dir='ltr'>pellium</span> <span class='ocrx_word' id='word_1_134' title='bbox 1226 1635 1394 1687; x_wconf 87' lang='lat' dir='ltr'>murinarum</span> <span class='ocrx_word' id='word_1_135' title='bbox 1408 1633 1484 1683; x_wconf 85' lang='lat' dir='ltr'>venit</span> 
     </span>
     <span class='ocr_line' id='line_1_37' title="bbox 951 1717 1152 1767; baseline -0.005 -1"><span class='ocrx_word' id='word_1_136' title='bbox 951 1717 1152 1767; x_wconf 83' lang='lat' dir='ltr'>commercium.</span> 
     </span>
    </p>
   </div>
   <div class='ocr_carea' id='block_1_24' title="bbox 1095 1977 1332 2058">
    <p class='ocr_par' dir='ltr' id='par_1_24' title="bbox 1095 1977 1332 2058">
     <span class='ocr_line' id='line_1_38' title="bbox 1095 1977 1332 2058; baseline -0.008 -12"><span class='ocrx_word' id='word_1_137' title='bbox 1095 1979 1207 2058; x_wconf 65' lang='lat' dir='ltr'>torn„</span> <span class='ocrx_word' id='word_1_138' title='bbox 1236 1977 1332 2047; x_wconf 89' lang='lat' dir='ltr'>VIII.</span> 
     </span>
    </p>
   </div>
   <div class='ocr_carea' id='block_1_25' title="bbox 954 2100 1486 2235">
    <p class='ocr_par' dir='ltr' id='par_1_25' title="bbox 954 2100 1486 2235">
     <span class='ocr_line' id='line_1_39' title="bbox 986 2100 1486 2168; baseline -0.01 -15"><span class='ocrx_word' id='word_1_139' title='bbox 986 2104 1144 2155; x_wconf 85' lang='lat' dir='ltr'>Hunnorum</span> <span class='ocrx_word' id='word_1_140' title='bbox 1165 2117 1233 2168; x_wconf 79' lang='lat' dir='ltr'>gens</span> <span class='ocrx_word' id='word_1_141' title='bbox 1254 2101 1328 2154; x_wconf 92' lang='lat' dir='ltr'>omni</span> <span class='ocrx_word' id='word_1_142' title='bbox 1348 2100 1486 2151; x_wconf 78' lang='lat' dir='ltr'>ferocitate</span> 
     </span>
     <span class='ocr_line' id='line_1_40' title="bbox 954 2185 1079 2235; baseline 0.008 -2"><span class='ocrx_word' id='word_1_143' title='bbox 954 2185 1079 2235; x_wconf 82' lang='lat' dir='ltr'>atrocior.</span> 
     </span>
    </p>
   </div>
   <div class='ocr_carea' id='block_1_26' title="bbox 956 2309 1484 2501">
    <p class='ocr_par' dir='ltr' id='par_1_26' title="bbox 956 2309 1484 2501">
     <span class='ocr_line' id='line_1_41' title="bbox 956 2309 1484 2396; baseline -0.015 -18"><span class='ocrx_word' id='word_1_144' title='bbox 956 2311 1096 2396; x_wconf 92' lang='lat' dir='ltr'>Paulus,</span> <span class='ocrx_word' id='word_1_145' title='bbox 1113 2310 1172 2379; x_wconf 92' lang='lat' dir='ltr'>lib.</span> <span class='ocrx_word' id='word_1_146' title='bbox 1187 2309 1247 2393; x_wconf 87' lang='lat' dir='ltr'>XI,</span> <span class='ocrx_word' id='word_1_147' title='bbox 1265 2313 1484 2376; x_wconf 81' lang='lat' dir='ltr'>Momrmeuta</span> 
     </span>
     <span class='ocr_line' id='line_1_42' title="bbox 995 2416 1442 2501; baseline -0.009 -16"><span class='ocrx_word' id='word_1_148' title='bbox 995 2419 1197 2501; x_wconf 73' lang='lat' dir='ltr'>Germania,</span> <span class='ocrx_word' id='word_1_149' title='bbox 1214 2416 1274 2486; x_wconf 85' lang='lat' dir='ltr'>fol.</span> <span class='ocrx_word' id='word_1_150' title='bbox 1296 2418 1370 2499; x_wconf 76' lang='lat'>187,</span> <span class='ocrx_word' id='word_1_151' title='bbox 1390 2419 1442 2481; x_wconf 87' lang='lat' dir='ltr'>II.</span> 
     </span>
    </p>
   </div>
   <div class='ocr_carea' id='block_1_27' title="bbox 956 2551 1262 2604">
    <p class='ocr_par' dir='ltr' id='par_1_27' title="bbox 956 2551 1262 2604">
     <span class='ocr_line' id='line_1_43' title="bbox 956 2551 1262 2604; baseline -0.01 0"><span class='ocrx_word' id='word_1_152' title='bbox 956 2553 1133 2604; x_wconf 85' lang='lat' dir='ltr'>atrocioribus</span> <span class='ocrx_word' id='word_1_153' title='bbox 1149 2551 1262 2601; x_wconf 88' lang='lat' dir='ltr'>Hunnis.</span> 
     </span>
    </p>
   </div>
   <div class='ocr_carea' id='block_1_28' title="bbox 958 2667 1487 2766">
    <p class='ocr_par' dir='ltr' id='par_1_28' title="bbox 958 2667 1487 2766">
     <span class='ocr_line' id='line_1_44' title="bbox 958 2667 1487 2766; baseline -0.015 -24"><span class='ocrx_word' id='word_1_154' title='bbox 958 2674 1065 2766; x_wconf 71' lang='lat' dir='ltr'>Solu,</span> <span class='ocrx_word' id='word_1_155' title='bbox 1085 2669 1171 2738; x_wconf 74' lang='lat' dir='ltr'>Get.</span> <span class='ocrx_word' id='word_1_156' title='bbox 1189 2669 1264 2752; x_wconf 84' lang='lat' dir='ltr'>Dei,</span> <span class='ocrx_word' id='word_1_157' title='bbox 1281 2667 1343 2752; x_wconf 90' lang='lat' dir='ltr'>IV,</span> <span class='ocrx_word' id='word_1_158' title='bbox 1355 2667 1415 2735; x_wconf 85' lang='lat' dir='ltr'>fol.</span> <span class='ocrx_word' id='word_1_159' title='bbox 1433 2668 1487 2735; x_wconf 71' lang='lat'>49.</span> 
     </span>
    </p>
   </div>
   <div class='ocr_carea' id='block_1_29' title="bbox 988 2790 1489 2858">
    <p class='ocr_par' dir='ltr' id='par_1_29' title="bbox 988 2790 1489 2858">
     <span class='ocr_line' id='line_1_45' title="bbox 988 2790 1489 2858; baseline -0.02 -10"><span class='ocrx_word' id='word_1_160' title='bbox 988 2799 1015 2848; x_wconf 90' lang='lat' dir='ltr'>Si</span> <span class='ocrx_word' id='word_1_161' title='bbox 1035 2797 1109 2847; x_wconf 84' lang='lat' dir='ltr'>fallat</span> <span class='ocrx_word' id='word_1_162' title='bbox 1122 2795 1233 2847; x_wconf 86' lang='lat' dir='ltr'>Chunus</span> <span class='ocrx_word' id='word_1_163' title='bbox 1247 2792 1312 2858; x_wconf 89' lang='lat' dir='ltr'>quid</span> <span class='ocrx_word' id='word_1_164' title='bbox 1333 2792 1432 2842; x_wconf 92' lang='lat' dir='ltr'>mirum</span> <span class='ocrx_word' id='word_1_165' title='bbox 1448 2790 1489 2840; x_wconf 84' lang='lat' dir='ltr'>est</span> 
     </span>
    </p>
   </div>
   <div class='ocr_carea' id='block_1_30' title="bbox 956 3071 1491 3274">
    <p class='ocr_par' dir='ltr' id='par_1_30' title="bbox 956 3071 1491 3274">
     <span class='ocr_line' id='line_1_46' title="bbox 956 3071 1491 3156; baseline -0.015 -10"><span class='ocrx_word' id='word_1_166' title='bbox 956 3079 998 3147; x_wconf 89' lang='lat' dir='ltr'>D.</span> <span class='ocrx_word' id='word_1_167' title='bbox 1031 3075 1247 3156; x_wconf 87' lang='lat' dir='ltr'>Ambrosius,</span> <span class='ocrx_word' id='word_1_168' title='bbox 1275 3073 1404 3144; x_wconf 83' lang='lat' dir='ltr'>Putrol.</span> <span class='ocrx_word' id='word_1_169' title='bbox 1423 3071 1491 3140; x_wconf 85' lang='lat' dir='ltr'>Mi·</span> 
     </span>
     <span class='ocr_line' id='line_1_47' title="bbox 1085 3182 1359 3274; baseline -0.007 -23"><span class='ocrx_word' id='word_1_170' title='bbox 1085 3206 1161 3274; x_wconf 71' lang='lat' dir='ltr'>qme,</span> <span class='ocrx_word' id='word_1_171' title='bbox 1180 3183 1266 3262; x_wconf 86' lang='lat' dir='ltr'>CXI,</span> <span class='ocrx_word' id='word_1_172' title='bbox 1284 3182 1359 3250; x_wconf 88' lang='grc'><strong>603.</strong></span> 
     </span>
    </p>
   </div>
   <div class='ocr_carea' id='block_1_31' title="bbox 958 3307 1346 3372">
    <p class='ocr_par' dir='ltr' id='par_1_31' title="bbox 958 3307 1346 3372">
     <span class='ocr_line' id='line_1_48' title="bbox 958 3307 1346 3372; baseline -0.01 -14"><span class='ocrx_word' id='word_1_173' title='bbox 958 3323 1041 3372; x_wconf 86' lang='lat' dir='ltr'>quum</span> <span class='ocrx_word' id='word_1_174' title='bbox 1054 3309 1112 3358; x_wconf 91' lang='lat' dir='ltr'>sine</span> <span class='ocrx_word' id='word_1_175' title='bbox 1128 3308 1233 3372; x_wconf 82' lang='lat' dir='ltr'>legibus</span> <span class='ocrx_word' id='word_1_176' title='bbox 1246 3307 1346 3356; x_wconf 81' lang='lat' dir='ltr'>vivant.</span> 
     </span>
    </p>
   </div>
   <div class='ocr_carea' id='block_1_32' title="bbox 991 3430 1458 3538">
    <p class='ocr_par' dir='ltr' id='par_1_32' title="bbox 991 3430 1458 3538">
     <span class='ocr_line' id='line_1_49' title="bbox 991 3430 1458 3538; baseline -0.015 -17"><span class='ocrx_word' id='word_1_177' title='bbox 991 3430 1123 3532; x_wconf 62' lang='lat' dir='ltr'>clauos,</span> <span class='ocrx_word' id='word_1_178' title='bbox 1141 3450 1168 3535; x_wconf 86' lang='lat'>1,</span> <span class='ocrx_word' id='word_1_179' title='bbox 1182 3451 1363 3538; x_wconf 71' lang='lat' dir='ltr'>2·naus.‚v.</span> <span class='ocrx_word' id='word_1_180' title='bbox 1381 3447 1458 3515; x_wconf 84' lang='lat' dir='ltr'>sao.</span> 
     </span>
    </p>
   </div>
   <div class='ocr_carea' id='block_1_33' title="bbox 960 3572 1489 3723">
    <p class='ocr_par' dir='ltr' id='par_1_33' title="bbox 960 3572 1489 3723">
     <span class='ocr_line' id='line_1_50' title="bbox 961 3572 1489 3638; baseline -0.013 -10"><span class='ocrx_word' id='word_1_181' title='bbox 961 3577 1121 3628; x_wconf 88' lang='lat' dir='ltr'>...acerrima</span> <span class='ocrx_word' id='word_1_182' title='bbox 1133 3575 1217 3638; x_wconf 90' lang='lat' dir='ltr'>nullo]</span> <span class='ocrx_word' id='word_1_183' title='bbox 1234 3573 1333 3624; x_wconf 90' lang='lat' dir='ltr'>Ordine</span> <span class='ocrx_word' id='word_1_184' title='bbox 1344 3572 1489 3633; x_wconf 84' lang='lat' dir='ltr'>mobilitas,</span> 
     </span>
     <span class='ocr_line' id='line_1_51' title="bbox 960 3659 1310 3723; baseline -0.017 -14"><span class='ocrx_word' id='word_1_185' title='bbox 960 3659 1157 3723; x_wconf 84' lang='lat' dir='ltr'>insperatisque</span> <span class='ocrx_word' id='word_1_186' title='bbox 1171 3667 1310 3705; x_wconf 91' lang='lat' dir='ltr'>recursus.</span> 
     </span>
    </p>
   </div>
   <div class='ocr_carea' id='block_1_34' title="bbox 961 3799 1491 3987">
    <p class='ocr_par' dir='ltr' id='par_1_34' title="bbox 961 3799 1491 3987">
     <span class='ocr_line' id='line_1_52' title="bbox 961 3799 1491 3890; baseline -0.004 -22"><span class='ocrx_word' id='word_1_187' title='bbox 961 3801 1202 3890; x_wconf 84' lang='lat' dir='ltr'>Hieronymus,</span> <span class='ocrx_word' id='word_1_188' title='bbox 1220 3799 1351 3866; x_wconf 83' lang='lat' dir='ltr'>Putrol.</span> <span class='ocrx_word' id='word_1_189' title='bbox 1367 3799 1491 3888; x_wconf 72' lang='lat' dir='ltr'>Miqne,</span> 
     </span>
     <span class='ocr_line' id='line_1_53' title="bbox 1141 3908 1325 3987; baseline -0.016 -11"><span class='ocrx_word' id='word_1_190' title='bbox 1141 3908 1228 3987; x_wconf 85' lang='lat' dir='ltr'>CXI,</span> <span class='ocrx_word' id='word_1_191' title='bbox 1250 3909 1325 3975; x_wconf 83' lang='lat'>330.</span> 
     </span>
    </p>
   </div>
   <div class='ocr_carea' id='block_1_35' title="bbox 962 4012 1493 4147">
    <p class='ocr_par' dir='ltr' id='par_1_35' title="bbox 962 4012 1493 4147">
     <span class='ocr_line' id='line_1_54' title="bbox 994 4012 1493 4077; baseline -0.008 -12"><span class='ocrx_word' id='word_1_192' title='bbox 994 4019 1139 4066; x_wconf 87' lang='lat' dir='ltr'>Saracenos</span> <span class='ocrx_word' id='word_1_193' title='bbox 1158 4029 1248 4077; x_wconf 75' lang='lat' dir='ltr'>vagos,</span> <span class='ocrx_word' id='word_1_194' title='bbox 1275 4012 1436 4074; x_wconf 88' lang='lat' dir='ltr'>incertisque</span> <span class='ocrx_word' id='word_1_195' title='bbox 1451 4026 1493 4061; x_wconf 88' lang='lat' dir='ltr'>se·</span> 
     </span>
     <span class='ocr_line' id='line_1_55' title="bbox 962 4097 1094 4147; baseline -0.008 -1"><span class='ocrx_word' id='word_1_196' title='bbox 962 4097 1041 4146; x_wconf 87' lang='lat' dir='ltr'>dibus</span> <span class='ocrx_word' id='word_1_197' title='bbox 1045 4133 1094 4147; x_wconf 90' lang='lat'>.....</span> 
     </span>
    </p>
   </div>
   <div class='ocr_carea' id='block_1_36' title="bbox 1113 4225 1337 4310">
    <p class='ocr_par' dir='ltr' id='par_1_36' title="bbox 1113 4225 1337 4310">
     <span class='ocr_line' id='line_1_56' title="bbox 1113 4225 1337 4310; baseline -0.009 -14"><span class='ocrx_word' id='word_1_198' title='bbox 1113 4229 1224 4310; x_wconf 74' lang='lat' dir='ltr'>torn,</span> <span class='ocrx_word' id='word_1_199' title='bbox 1242 4225 1337 4294; x_wconf 89' lang='lat' dir='ltr'>VIII.</span> 
     </span>
    </p>
   </div>
   <div class='ocr_carea' id='block_1_37' title="bbox 966 4352 1498 4562">
    <p class='ocr_par' dir='ltr' id='par_1_37' title="bbox 966 4352 1498 4562">
     <span class='ocr_line' id='line_1_57' title="bbox 995 4352 1498 4416; baseline -0.004 -14"><span class='ocrx_word' id='word_1_200' title='bbox 995 4353 1093 4403; x_wconf 75' lang='lat' dir='ltr'>Alanos</span> <span class='ocrx_word' id='word_1_201' title='bbox 1111 4365 1218 4416; x_wconf 81' lang='lat' dir='ltr'>quoquc</span> <span class='ocrx_word' id='word_1_202' title='bbox 1232 4364 1323 4415; x_wconf 86' lang='lat' dir='ltr'>pugna</span> <span class='ocrx_word' id='word_1_203' title='bbox 1343 4352 1394 4401; x_wconf 87' lang='lat' dir='ltr'>sihi</span> <span class='ocrx_word' id='word_1_204' title='bbox 1409 4364 1498 4415; x_wconf 87' lang='lat' dir='ltr'>pares,</span> 
     </span>
     <span class='ocr_line' id='line_1_58' title="bbox 966 4431 1498 4495; baseline 0.002 -15"><span class='ocrx_word' id='word_1_205' title='bbox 966 4432 1014 4482; x_wconf 92' lang='lat' dir='ltr'>sed</span> <span class='ocrx_word' id='word_1_206' title='bbox 1044 4431 1220 4482; x_wconf 87' lang='lat' dir='ltr'>humanitatis</span> <span class='ocrx_word' id='word_1_207' title='bbox 1250 4431 1322 4481; x_wconf 84' lang='lat' dir='ltr'>rictu</span> <span class='ocrx_word' id='word_1_208' title='bbox 1355 4432 1498 4495; x_wconf 76' lang='lat' dir='ltr'>formaque</span> 
     </span>
     <span class='ocr_line' id='line_1_59' title="bbox 967 4512 1119 4562; baseline 0.007 -1"><span class='ocrx_word' id='word_1_209' title='bbox 967 4512 1119 4562; x_wconf 85' lang='lat' dir='ltr'>dissimiles.</span> 
     </span>
    </p>
   </div>
   <div class='ocr_carea' id='block_1_38' title="bbox 384 4697 1503 4790">
    <p class='ocr_par' dir='ltr' id='par_1_38' title="bbox 384 4697 1503 4790">
     <span class='ocr_line' id='line_1_60' title="bbox 384 4697 1503 4790; baseline 0.004 -29"><span class='ocrx_word' id='word_1_210' title='bbox 384 4697 470 4764; x_wconf 88' lang='lat' dir='ltr'>Hinc</span> <span class='ocrx_word' id='word_1_211' title='bbox 495 4698 640 4786; x_wconf 87' lang='lat' dir='ltr'>perspici</span> <span class='ocrx_word' id='word_1_212' title='bbox 662 4708 773 4786; x_wconf 79' lang='lat' dir='ltr'>potest</span> <span class='ocrx_word' id='word_1_213' title='bbox 792 4722 894 4790; x_wconf 87' lang='lat' dir='ltr'>quarn</span> <span class='ocrx_word' id='word_1_214' title='bbox 912 4722 1032 4790; x_wconf 88' lang='lat' dir='ltr'>parurn</span> <span class='ocrx_word' id='word_1_215' title='bbox 1053 4701 1094 4767; x_wconf 88' lang='lat' dir='ltr'>ab</span> <span class='ocrx_word' id='word_1_216' title='bbox 1114 4698 1299 4766; x_wconf 85' lang='lat' dir='ltr'>Ammiano</span> <span class='ocrx_word' id='word_1_217' title='bbox 1322 4698 1356 4764; x_wconf 91' lang='lat' dir='ltr'>in</span> <span class='ocrx_word' id='word_1_218' title='bbox 1375 4698 1503 4765; x_wconf 91' lang='lat' dir='ltr'>eisdem</span> 
     </span>
    </p>
   </div>
   <div class='ocr_carea' id='block_1_39' title="bbox 0 0 1721 5446">
    <p class='ocr_par' dir='ltr' id='par_1_39' title="bbox 0 0 1721 5446">
     <span class='ocr_line' id='line_1_61' title="bbox 0 0 1721 5446; baseline 0 0"><span class='ocrx_word' id='word_1_219' title='bbox 0 0 1721 5446; x_wconf 95' lang='lat' dir='ltr'> </span> 
     </span>
    </p>
   </div>
  </div>
 </body>
</html>
