3360 5446
737 513 934 573 ..45-

262 689 351 747 rum,
368 665 527 755 doctique
542 671 622 730 sunt
638 683 800 730 numeros
820 663 912 731 haud
926 665 1040 753 pauci,
1059 685 1161 754 super
1175 663 1230 731 his
1246 662 1423 742 scientiam

262 782 386 850 callent
401 803 476 873 quae
494 779 642 847 fatorum
657 777 732 844 vias
760 778 920 848 ostendit.
937 778 1115 848 Medicinae
1131 789 1258 861 autem,
1276 780 1374 868 cujus
1389 779 1425 846 iu

260 899 324 967 hac
338 898 410 966 vita
423 906 541 964 nostra
557 917 620 962 uec
635 915 736 984 parca
750 915 813 960 uec
829 895 942 962 sobria
958 893 1194 962 desiderantur
1214 894 1423 962 adminicula

260 1014 388 1098 crebra,
401 1014 449 1081 ita
463 1012 576 1081 studia
597 1019 768 1101 augentur
787 1010 822 1076 in
838 1010 921 1093 dies,
946 1021 995 1092 ut,
1020 1011 1099 1079 licet
1121 1024 1208 1100 opus
1234 1010 1349 1102 ipsum
1372 1034 1424 1078 re·
1499 1029 1502 1032 ⁴

260 1131 368 1212 fellat,
385 1152 447 1220 pro
463 1128 557 1197 omni
574 1138 688 1195 tamen
703 1127 936 1217 experimento
955 1127 1104 1196 sufficiat
1121 1127 1255 1196 medico
1271 1127 1314 1194 ad
1330 1150 1424 1228 com-

260 1245 489 1316 mendandam
504 1244 587 1313 artis
604 1243 854 1327 auctoritatem,
872 1245 900 1311 si
920 1244 1136 1312 Alexandriae
1154 1267 1189 1311 se
1208 1243 1332 1311 dixerit
1344 1267 1424 1311 eru-

260 1363 400 1431 ditum¹.
420 1359 582 1429 »Rursus
603 1359 691 1426 nihil
716 1373 779 1427 s'uo
800 1359 837 1426 iu
860 1359 947 1428 libro
963 1358 1102 1428 tradidit
1118 1359 1158 1428 de
1174 1359 1216 1427 iis
1230 1359 1423 1449 disciplinis

259 1489 361 1569 atque
380 1476 509 1544 artibus
525 1496 601 1566 quaa
619 1485 742 1567 quarto
766 1477 891 1544 saeculo
915 1477 951 1544 in
979 1476 1090 1546 Gallia
1110 1477 1297 1566 viguerunt
1323 1482 1357 1545 et
1383 1477 1423 1545 de

257 1594 429 1688 praeclaris
444 1591 526 1660 viris
539 1615 581 1660 cx
598 1592 702 1682 hujus
717 1592 868 1681 regionis
884 1592 1011 1660 scholis
1024 1591 1107 1659 ortis
1131 1591 1190 1682 qui
1213 1591 1249 1659 in
1272 1591 1424 1676 romanis

257 1711 378 1779 litteris
391 1708 518 1777 versati
535 1715 615 1776 sunt
625 1718 650 1777 ¹.
664 1708 868 1776 Ammianus
885 1708 989 1790 euim,
1002 1718 1039 1775 ut
1057 1730 1160 1798 supra
1174 1709 1340 1791 vidimus,
1355 1718 1425 1776 tan·

257 1825 437 1894 tummodo
452 1845 513 1892 eos
533 1822 651 1893 Gallos
665 1824 762 1891 novit
777 1845 864 1913 quos
878 1833 1011 1892 veteres
1027 1824 1221 1915 scriptores,
1238 1815 1293 1894 vel
1305 1824 1422 1915 graeci,

255 1941 310 2009 vel
321 1939 419 2008 latini
430 1939 693 2029 descripserant.
708 1939 806 2020 Quod
819 1939 878 2006 tihi
890 1938 1148 2008 confirmabitur
1162 1941 1228 2008 hoc
1240 1940 1316 2007 loco
1328 1968 1344 2002 «
1363 1941 1428 2006 Per

255 2056 331 2125 haec
354 2057 432 2123 loca
453 2053 653 2123 hominibus
669 2054 835 2144 paulatim
850 2055 996 2122 excultis
1012 2054 1155 2145 viguere
1173 2055 1288 2124 studia
1310 2057 1425 2124 lauda·

255 2172 376 2240 hilium
400 2171 632 2239 doctrinarum
662 2171 824 2238 inchoata
846 2193 906 2261 per
929 2170 1066 2254 bardos,
1085 2170 1235 2262 euhages
1257 2182 1290 2240 et
1315 2171 1423 2240 drasi-

257 2287 317 2355 das
329 2288 353 2354 ³.
374 2314 391 2349 »
408 2287 492 2369 Quae
506 2275 628 2353 non'in
640 2288 715 2376 ejus
736 2294 884 2367 aetatem,
900 2285 960 2353 sed
976 2285 1011 2352 in
1030 2286 1192 2376 priorem,
1210 2287 1378 2357 incidunt.
1461 2360 1464 2362 ,

299 2404 352 2470 Ex
371 2403 414 2470 iis
440 2424 517 2493 quae
539 2401 772 2492 exposuimus,
792 2407 845 2469 est
866 2402 1081 2493 inpromptu
1105 2403 1281 2470 Ammiani
1302 2404 1424 2472 doctri-

255 2541 335 2587 nam
356 2518 392 2586 in
412 2517 466 2586 his
487 2517 761 2606 digressionibus
777 2540 852 2607 quaa
872 2518 914 2586 ad
936 2527 1095 2585 externas
1116 2528 1236 2607 gentes
1256 2529 1422 2610 spectant,

254 2658 323 2703 non
338 2644 469 2703 tantam
484 2656 559 2701 esse
576 2644 738 2724 quantam
758 2634 830 2724 ipse
844 2633 1033 2724 aequalihus
1052 2634 1258 2723 persuadere
1279 2636 1420 2703 studuit.

253 2747 354 2817 Haud
367 2749 510 2817 dubium
525 2770 601 2816 esse
612 2749 704 2815 enim
719 2748 854 2817 videtur
869 2749 951 2839 quin
971 2750 1007 2816 in
1020 2749 1155 2840 populis
1168 2752 1240 2840 jam
1255 2750 1347 2818 notis
1363 2750 1421 2818 do·

254 2861 599 2951 scribendisplurima
613 2862 765 2950 priorum
778 2872 957 2929 auctorum
974 2863 1095 2930 studiis
1105 2863 1135 2930 is
1150 2864 1318 2934 tribuerit.
1329 2870 1423 2933 Atta-

252 3001 333 3046 men
348 2999 390 3044 ex
408 2977 463 3045 his
484 2976 620 3067 populis
637 2987 785 3068 quatuor
799 2978 975 3057 Thracios,
995 2978 1130 3061 Persas,
1148 2980 1279 3062 Medos,
1295 2982 1424 3072 AEgyp-

253 3094 331 3172 ties,
356 3114 426 3159 non
455 3093 574 3183 quales
606 3101 739 3160 veteres
766 3072 1005 3179 ostenderant,
1023 3096 1084 3162 sed
1112 3095 1231 3184 quales
1258 3097 1331 3187 ipse
1358 3121 1420 3165 suo

251 3217 404 3298 tempore
435 3207 581 3292 viderat,
603 3209 779 3276 nonnullis
801 3209 838 3275 in
858 3209 956 3292 locis,
978 3233 1056 3288 aum
1081 3212 1228 3299 posteris
1249 3213 1423 3280 interdum

250 3321 473 3412 proposuisse
496 3323 662 3392 libentius
684 3323 854 3392 existimo.
875 3324 1005 3392 Eodem
1027 3324 1141 3408 modo,
1159 3348 1356 3417 quanquam
1379 3329 1421 3396 ad

251 3437 445 3527 complures
463 3438 810 3541 Occidentispopulos
824 3439 937 3506 adhuc
947 3439 1124 3521 obscuros,
1135 3441 1299 3523 Francos,
1312 3443 1420 3513 Saxo-

251 3572 325 3634 nes,
335 3550 558 3637 Alamannos,
574 3602 587 3620 .
607 3591 615 3619 ι
631 3563 787 3622 accurate
802 3553 1037 3644 inspiciendos
1050 3576 1120 3624 non
1136 3578 1210 3622 sese
1222 3557 1417 3648 applicavit,

250 3672 364 3732 tamen
386 3668 554 3735 nonnulla
579 3668 620 3736 de
640 3666 925 3760 Burgundionum
946 3670 1080 3758 origine
1103 3670 1337 3764 institutisque
1354 3697 1416 3742 suo

249 3777 337 3846 libro
363 3778 519 3864 inseruit,
551 3803 628 3871 quaa
656 3805 756 3851 nemo
781 3784 869 3851 alius
901 3783 1093 3854 tradiderat.
1125 3786 1280 3878 Denique
1309 3787 1350 3855 de
1381 3812 1417 3856 re

249 3895 482 3985 geographica
508 3896 628 3964 laudes
661 3899 796 3980 meruit,
828 3900 932 3991 quod,
963 3922 1047 3989 quas
1074 3901 1257 3970 orientales
1295 3914 1415 3992 gentes
1459 3968 1464 3976 .

248 4011 365 4078 nullus
380 4012 522 4104 scriptor
536 4023 636 4082 antea
651 4015 876 4106 descripserat
890 4016 993 4111 'atque
1008 4017 1137 4085 incerta
1151 4019 1241 4085 fama
1257 4018 1300 4086 ad
1309 4040 1419 4086 roma·

249 4149 373 4195 norum
401 4130 528 4198 civium
561 4133 793 4228 cognitionem
823 4136 1065 4207 tantummodo
1091 4137 1326 4220 transtulerat,
1359 4159 1416 4204 eas

248 4242 370 4333 cuique
387 4245 485 4334 quasi
500 4246 537 4315 in
552 4250 689 4337 speculo
705 4250 892 4319 cernendas
907 4251 1056 4324 curavit.
1073 4252 1211 4322 Etenim
1226 4252 1263 4320 in
1278 4274 1319 4322 eo
1333 4274 1418 4342 prae-

271 4415 300 4494 l.
315 4445 391 4507 rum,
407 4449 446 4506 ra,
464 4451 491 4499 rr
507 4453 533 4499 et
549 4465 609 4515 seq.

275 4525 299 4573 2.
314 4524 352 4574 Gt.
368 4526 459 4577 Fustal
473 4529 506 4578 de
528 4529 687 4594 Goutanges,
708 4532 857 4584 L'lnvosion
871 4537 1057 4602 parmamque,
1078 4537 1148 4595 1891,
1164 4550 1191 4601 p.
1208 4537 1268 4596 att;
1281 4519 1407 4595 Boissicr,

245 4604 282 4653 La
295 4603 334 4667 fin
347 4604 383 4653 du
399 4607 565 4671 rapanome,
580 4613 599 4660 t.
615 4610 647 4671 ll,
659 4627 685 4676 p.
705 4613 760 4662 178.

277 4685 300 4732 3.
314 4685 366 4746 XV,
380 4687 404 4746 9,
420 4687 443 4736 8.
