3412 5454
751 586 789 603 ἡ
831 549 867 619 ps
912 583 950 602 -

263 699 395 791 Florus,
413 708 534 788 1‚3s‚§
549 710 582 787 2,
598 710 629 776 3.
664 709 793 788 Amm.‚
806 708 1029 791 xxviiia
1064 710 1140 777 Rul.
1158 709 1294 792 Festus,
1314 709 1374 790 lx,
1401 709 1435 780 2.

293 850 365 899 Nihil
392 849 499 899 interim
531 863 580 913 per
605 849 632 897 id
693 853 725 900 Et
739 853 944 914 parlemearum
961 850 1034 901 babi-
1094 853 1252 903 lnThraciae
1276 853 1436 917 regionibus

262 944 342 980 omae
368 933 474 994 tempus
494 928 632 980 residuum
663 935 750 980 tavers
779 932 911 982 Scordisci
946 932 1035 996 (longe
1063 933 1438 997 Scordiscibabitaueruntps-

262 1011 408 1061 crudetitas
431 1011 482 1060 fuit
504 1011 531 1059 in
551 1012 634 1073 capti·
662 1025 734 1061 nunc
758 1013 790 1062 ah
807 1011 903 1062 iisdem
923 1015 1035 1077 provin·
1063 1015 1129 1080 riter
1143 1015 1266 1064 crudeles
1282 1017 1309 1063 et
1323 1013 1435 1074 caltidi;

262 1107 306 1142 uos
321 1091 494 1151 saevientibus,
505 1090 583 1140 litare
595 1091 636 1141 dis
664 1092 711 1142 ciis
722 1092 870 1156 disparati),
880 1093 1036 1157 saeuiquon·
1064 1093 1096 1143 de
1107 1108 1223 1158 quorum
1238 1095 1340 1143 saeuitia
1350 1093 1436 1144 multa

263 1173 395 1236 sanguine
414 1173 533 1223 humano
552 1171 636 1221 bibere
664 1171 726 1222 dam
748 1175 775 1222 cl
792 1175 888 1233 truces,
913 1179 943 1223 ut
966 1175 1035 1223 anti·
1064 1172 1184 1236 fabulose
1199 1178 1436 1234 memorantur,

262 1256 290 1303 in
305 1253 405 1303 ossibus
418 1253 546 1316 capitum.
664 1252 752 1313 auitas
766 1253 849 1312 docet,
865 1251 957 1302 bestiis
975 1268 1037 1312 cap·
1065 1252 1138 1319 quod
1155 1254 1249 1303 hostiis
1271 1255 1435 1318 captiuorum

665 1334 779 1382 tinorum
795 1333 910 1384 Bellonae
927 1334 1037 1384 litantes
1064 1334 1180 1384 dissuis
1202 1333 1347 1398 aliquando
1371 1333 1435 1384 tita-

665 1415 692 1464 el
728 1414 807 1463 Marti
844 1413 1037 1478 humanumque
1065 1418 1159 1464 uerunt
1179 1418 1261 1478 atque
1282 1415 1436 1478 sanquinem

665 1497 818 1557 sanquinem
832 1495 859 1543 in
879 1494 979 1544 ossibus
994 1509 1037 1545 ca·
1065 1497 1208 1545 numanum
1224 1509 1255 1544 ex
1270 1494 1370 1545 ossibus
1392 1510 1437 1546 ca-

663 1575 749 1637 pitum
763 1576 835 1625 cavis
850 1573 963 1624 bibentes
980 1575 1038 1625 avi·
1064 1577 1150 1641 pitum
1165 1578 1259 1639 potare
1282 1576 1335 1625 sint
1355 1576 1436 1625 soliti.

666 1653 735 1705 dius.

297 1717 477 1770 Saevissimi
492 1717 637 1766 omnium
818 1748 823 1777 5
1098 1718 1274 1770 Saevissimi
1296 1719 1437 1768 omnium
1506 1727 1510 1732 “

265 1799 395 1850 Thracum
410 1797 541 1848 Scordisci
550 1797 636 1858 luere,
1068 1801 1189 1864 gentium
1197 1798 1436 1849 Thracesfuerunt,

267 1880 313 1929 sed
326 1876 466 1928 calliditas
476 1890 591 1940 quorum
604 1876 638 1927 acl

266 1960 349 2010 robur
364 1960 521 2009 secesserat.
1053 1936 1056 1984 Ι

308 2236 418 2318 Quam
429 2225 680 2304 sententiamis
692 2235 903 2303 confirmavit
917 2257 957 2302 eo
971 2236 1062 2325 quod
1074 2235 1241 2303 nonnulla
1251 2235 1341 2326 apud
1353 2237 1436 2303 Am-

268 2351 421 2419 mianum
444 2353 606 2440 leguntur
630 2375 706 2442 quae
730 2351 818 2442 apud
840 2351 968 2418 Rufum
984 2352 1125 2419 'desunt
1156 2352 1214 2418 Sic
1236 2373 1322 2442 quos
1340 2350 1437 2435 deos,

270 2467 359 2551 dica,
377 2467 519 2536 Martem
536 2479 569 2534 et
584 2467 775 2548 Bellonam,
798 2456 985 2537 Scordiscis
1001 2468 1087 2535 alter
1102 2467 1269 2543 attribuit,
1288 2491 1347 2537 eos
1370 2490 1439 2535 non

270 2581 433 2649 indicavit
449 2582 563 2648 alter¹.

317 2698 399 2765 Haec
420 2709 542 2798 'autem
564 2698 774 2788 speciosiora
805 2708 885 2765 sunt
913 2720 1014 2787 quarn
1047 2699 1191 2767 veriora.
1221 2699 1372 2783 Etenim,
1400 2707 1438 2765 ut

239 2865 241 2868 v
274 2813 524 2882 demonstravit
556 2813 816 2898 Mommsenius‚
848 2814 884 2881 hi
905 2815 984 2896 loci,
1010 2815 1281 2897 nonaullam,
1310 2814 1370 2882 sed
1393 2837 1435 2882 ex

274 2929 365 3012 Rufo
384 2930 486 2998 Festo
511 2931 585 3020 ipso
605 2929 664 3019 qui
688 2930 836 3020 priorem
858 2932 1105 3021 pertractavit¹,
1124 2932 1295 3020 desumpti
1322 2931 1432 2998 sunt³.

275 3045 380 3135 Cujus
396 3045 445 3114 rei
461 3045 573 3113 allerri
589 3055 735 3135 possunt
749 3046 814 3113 tria
834 3057 1051 3134 argumenta.
1075 3048 1231 3115 Primum
1246 3047 1323 3114 Rufi
1341 3055 1443 3137 opul-

274 3163 391 3230 culum
421 3162 513 3253 quod
538 3161 751 3229 Breviorium
777 3162 911 3241 dicitur,
937 3173 1069 3230 tantum
1090 3163 1211 3252 viginti
1230 3171 1337 3234 aunis
1363 3172 1441 3230 ante

276 3278 502 3368 scriptumest
519 3300 622 3368 quam
636 3286 800 3347 natusest
815 3279 1031 3348 Ammianus.
1050 3279 1151 3361 Quod
1165 3303 1228 3347 nos
1246 3279 1392 3370 impellit
1406 3289 1445 3346 ut

275 3394 478 3485 colligemus
497 3393 527 3461 ei
542 3402 663 3461 notum
680 3395 743 3462 hoc
761 3418 846 3485 opus
862 3394 981 3462 luisse.
1003 3395 1135 3462 Deinde
1151 3394 1346 3463 Ammianei
1361 3394 1441 3478 loci,

275 3509 330 3578 vel
345 3510 380 3577 in
396 3509 522 3591 verbis,
544 3510 599 3577 vel
614 3511 647 3576 in
663 3510 855 3594 sententiis,
875 3510 953 3577 Rufi
969 3510 1036 3579 loci
1050 3511 1217 3579 similiora
1233 3533 1336 3600 quam
1349 3511 1444 3578 Flori

274 3625 448 3695 videntur.
464 3625 620 3693 Tertium
636 3635 880 3715 argumentum
897 3627 1089 3694 ducendum
1106 3637 1213 3694 estex
1230 3650 1270 3694 eo
1285 3627 1376 3716 quod
1387 3626 1443 3693 hic
1542 3635 1544 3638 ’

275 3742 390 3810 Nostri
416 3743 513 3809 locus
543 3772 558 3805 ι(
585 3751 622 3808 ut
647 3742 832 3833 antiquitas
860 3743 957 3810 docet
987 3771 1002 3805 »
1033 3764 1115 3810 oum.
1135 3765 1175 3811 eo
1200 3742 1342 3810 alterius
1366 3742 1442 3808 loco

278 3887 294 3922 a
311 3858 419 3927 multa
434 3857 590 3924 fabulose
608 3868 841 3925 memorantur
862 3887 878 3921 »
896 3858 1010 3948 aliquo
1036 3860 1139 3927 modo
1157 3858 1240 3926 satis
1265 3857 1441 3931 convenit;

276 3972 391 4041 nullus
408 3979 525 4041 autem
537 3975 611 4062 ejus
627 3974 763 4063 generis
782 3973 872 4063 apud
885 3974 1027 4042 Florum
1045 3974 1185 4065 reperiri
1203 3979 1327 4065 potest.

321 4089 421 4171 Quod
437 4089 465 4155 si
482 4089 559 4179 quis
572 4088 657 4156 duos
674 4088 761 4156 alios
773 4089 880 4172 locos,
902 4116 918 4150 «
936 4090 1039 4180 longe
1055 4112 1147 4158 nunc
1171 4090 1212 4157 ab
1235 4089 1357 4156 iisdem
1375 4089 1445 4154 dis-

280 4205 388 4296 parati
410 4233 426 4267 »
446 4214 512 4271 et«
532 4205 684 4272 Bellonae
703 4205 842 4272 litantes
860 4214 893 4272 et
906 4206 1003 4273 Marti
1022 4233 1038 4267 »
1054 4206 1137 4272 mihi
1153 4206 1303 4296 objiciat,
1323 4205 1353 4271 ei
1373 4227 1444 4272 ress

313 4502 335 4548 l.
370 4515 408 4548 ο.
439 4500 449 4546 i
464 4538 469 4549 .
513 4537 519 4550 .
552 4501 605 4548 -2.

310 4583 334 4630 2.
351 4498 596 4640 ιΤεῑοιιίΐοθίί,,Ιξίεὶὸοἱνῖ
611 4578 643 4628 de
658 4578 685 4628 ta
701 4579 853 4628 litterature
867 4580 991 4640 romolus,
1007 4580 1073 4630 trad.
1089 4581 1121 4630 tr.
1139 4580 1263 4630 Bonnard
1280 4584 1306 4631 et
1324 4580 1445 4639 Picrson‚

279 4662 362 4720 Paris,
379 4663 397 4709 l.
415 4660 501 4724 111,p.
519 4663 572 4711 152.

312 4743 335 4791 3.
352 4741 468 4799 Hermes,
484 4741 548 4800 xvi,
564 4755 592 4804 p.
607 4743 652 4790 605
668 4744 694 4789 et
708 4740 787 4799 suiv„
802 4742 856 4789 612.

1311 4848 1324 4895 3
