3360 5446
717 512 914 576 ..51-„

251 680 313 750 est,
327 679 364 734 ut
375 689 418 732 eu
428 666 482 732 his
494 665 605 733 verbis
618 664 723 753 liquet
733 689 749 725 «
764 662 878 754 accepi
890 688 906 722 »
916 668 939 736 ¹.
951 687 966 721 α
980 658 1173 748 accepimus
1186 684 1201 718 u
1211 657 1235 740 ²,
1251 685 1268 719 «
1282 654 1410 724 lerunt-

251 805 315 874 que
335 794 392 862 »¹⁸3
420 781 480 848 sed
501 801 750 870 nonnunquam
767 788 877 857 caute,
895 776 1018 867 quippe
1042 774 1099 864 qui
1125 772 1177 840 his
1194 800 1211 836 r<
1229 773 1258 840 si
1271 776 1406 862 justum

250 909 302 967 est
317 897 431 966 eredi⁴
451 924 467 959 »
486 896 659 984 adjecerit.

295 1013 378 1095 Quae
393 1011 510 1081 omnia
525 1023 605 1080 sunt
620 1011 716 1102 probi
734 1019 766 1076 et
780 1007 926 1076 studiosi
944 1004 1137 1094 scriptoris.

296 1133 342 1200 At
357 1131 488 1223 probati
511 1128 665 1198 historici
688 1126 868 1196 ostendere
891 1133 997 1191 estut
1016 1119 1118 1187 fidem
1145 1119 1259 1202 iaciat,
1286 1142 1323 1186 se
1345 1142 1416 1187 non

255 1246 356 1315 modo
371 1268 414 1312 cx
430 1266 517 1312 vano
541 1242 626 1311 nihil
641 1239 882 1330 assumpsisse,
907 1237 967 1305 sed
994 1233 1097 1302 etiem
1123 1255 1194 1302 non
1218 1234 1419 1323 spernendis

254 1369 355 1450 atque
379 1356 513 1436 idoneis
537 1353 736 1424 auctoribus
761 1374 862 1420 usum
890 1373 977 1420 esse.
1001 1348 1206 1417 Ammianus
1233 1371 1329 1433 vere,
1361 1349 1425 1416 etsi

246 1474 441 1542 nonnullos
456 1470 624 1553 adhibuit,
639 1470 732 1538 vclut
742 1467 996 1558 timagoram,
1008 1464 1337 1548 Solirrum⁶,Rulum
1346 1465 1428 1532 Fes-

257 1591 364 1670 rum',
388 1610 536 1679 quorum
559 1584 746 1653 auctoritas
770 1582 806 1651 in
830 1582 974 1650 dubium
998 1589 1115 1648 nostra
1146 1587 1246 1647 aetate
1271 1589 1426 1665 vocatur,

257 1703 475 1775 tamenbaud
491 1702 654 1790 exiguam
669 1699 795 1768 meruit
816 1697 953 1766 laudem
977 1696 1070 1788 quod
1094 1695 1270 1764 nonnullis
1287 1696 1426 1784 gravio·

258 1819 350 1888 ribus
379 1819 527 1886 conlisus
554 1826 616 1884 est.
641 1815 808 1883 Percense
833 1812 925 1881 enim
951 1811 1134 1880 universos
1162 1794 1248 1905 quos
1274 1811 1423 1881 ascivit:

260 1943 420 2026 quantam
437 1935 615 2001 doctorum
630 1930 765 1999 turham
781 1928 906 2021 quibus
917 1930 1019 1998 fidem
1035 1929 1226 1998 habendam
1243 1953 1318 1999 esse
1334 1953 1427 1998 com·

258 2050 371 2139 plures
386 2049 451 2115 viri
476 2047 606 2135 judicio
631 2045 854 2114 eruditissimi
874 2045 1094 2112 existimant!
1115 2045 1158 2112 Et
1174 2046 1374 2130 Homerum,
1391 2046 1431 2115 et

258 2163 506 2255 Thucydidem,
527 2172 560 2230 et
575 2162 768 2242 Platonem,
788 2161 1044 2229 etflerodotum
1057 2161 1080 2242 ⁸,
1107 2171 1140 2229 et
1153 2162 1427 2248 Eratosthenem,

260 2287 294 2346 ct
305 2278 523 2359 Sallustium,
539 2287 573 2344 et
590 2274 754 2359 Tullium,
771 2283 805 2342 et
819 2274 1065 2359 Ptolemaeum,
1083 2284 1116 2343 et
1132 2274 1221 2343 alios
1237 2297 1323 2366 quos
1345 2299 1428 2344 euu-

262 2417 391 2462 merare
407 2392 552 2485 possim.

303 2511 380 2580 Noli
397 2520 511 2578 tamen
525 2509 662 2576 credere
677 2510 843 2578 Nostrum
857 2530 926 2576 non
942 2507 1144 2576 discrevisse
1161 2509 1292 2601 eosqui
1309 2510 1429 2578 averi-

260 2636 328 2695 tate
344 2625 556 2694 recesserint.
575 2623 643 2706 Sic,
659 2622 789 2707 XXIII,
806 2624 840 2708 6,
858 2630 873 2690 l
894 2644 902 2691 :
922 2624 1019 2692 «Res
1037 2623 1156 2713 adegit
1174 2624 1240 2693 huc
1255 2626 1427 2715 prolapsa,

260 2740 346 2809 utin
360 2762 505 2808 excessu
521 2738 622 2808 celeri
644 2738 750 2806 situm
770 2717 960 2806 monstrare
984 2738 1140 2808 Persidis
1160 2740 1431 2832 descriptoribus

261 2857 418 2946 gentium
432 2855 568 2924 curiose
578 2855 749 2944 digestum
763 2876 781 2922 e
797 2853 921 2944 quibus
944 2878 1026 2924 vera
1042 2856 1159 2924 dixere
1175 2857 1374 2947 paucissimi
1391 2880 1428 2941 »3

264 2972 342 3055 XV,
369 2974 400 3054 9,
420 2975 441 3039 2
458 2970 713 3063 «Ambigentes
732 2991 834 3060 super
848 2969 981 3061 origine
1000 2972 1112 3063 prima
1129 2972 1309 3043 Gallorum
1324 2972 1432 3066 scrip-

263 3100 354 3157 tores
379 3097 511 3156 veteres
539 3085 698 3154 notitiam
721 3084 891 3184 reliquere
914 3086 1141 3176 semiplenam
1173 3117 1200 3151 ».
1223 3088 1275 3158 Ex
1307 3088 1431 3181 quibus

263 3203 430 3294 conjicere
445 3224 642 3296 possumus,
659 3203 883 3271 Ammianum
899 3202 942 3270 ad
965 3213 1124 3272 externas
1153 3216 1276 3296 gentes
1305 3205 1429 3274 deseri.

265 3319 396 3386 bendas
437 3341 513 3386 sese
540 3314 781 3409 applicantem,
812 3317 870 3408 qui
912 3320 1024 3387 fontes
1055 3331 1171 3392 essent
1201 3320 1421 3413 potissimum

264 3412 423 3516 adeundi,
446 3433 675 3502 examinasse.

309 3551 356 3620 Ut
370 3549 405 3616 in
420 3549 625 3638 scriptorum
640 3549 785 3643 delectu,
805 3549 904 3618 sicin
917 3572 1032 3619 rerum
1044 3574 1181 3644 quoque
1194 3573 1279 3644 quas
1295 3553 1429 3649 exposi-

298 3759 321 3806 1.
336 3753 421 3816 xxxt,
437 3756 461 3814 2,
478 3755 517 3803 16.

296 3839 321 3886 2.
336 3835 423 3894 xxxl,
437 3837 461 3894 9,
476 3835 502 3883 5.

297 3915 321 3964 ³.
336 3914 426 3974 XXlll,
439 3914 462 3973 6,
478 3915 519 3965 31.

300 3996 324 4042 l.
339 3992 404 4042 lbid.

297 4077 322 4124 5.
337 4093 350 4118 α
365 4074 508 4137 'rimugbne
527 4073 621 4124 nutrit
638 4075 721 4138 qu'uu
738 4089 839 4140 puuvre
852 4076 958 4126 esclave
976 4076 1214 4140 parrenudontle
1231 4080 1327 4130 merite
1338 4080 1426 4131 meme

266 4154 396 4205 domeure
411 4154 534 4218 toujours
546 4168 583 4204 un
595 4168 648 4220 peu
658 4158 766 4218 suspect
777 4155 882 4221 -malgrd
894 4155 934 4206 les
947 4156 1037 4221 elegea
1052 4171 1105 4220 que
1118 4157 1157 4208 lut
1166 4157 1288 4211 douneut
1302 4161 1427 4211 Ammien

269 4237 295 4284 et
308 4234 455 4295 Quintilian
470 4253 482 4278 n
502 4234 588 4297 (ih-E.
605 4236 702 4298 Egger,
714 4235 830 4285 Examen
844 4237 954 4300 critique
968 4237 1014 4286 des
1025 4237 1163 4288 historiens
1177 4239 1284 4289 enciens
1299 4239 1330 4289 de
1347 4242 1422 4290 lucie

268 4319 293 4366 et
308 4314 344 4364 du
359 4315 437 4377 rtpne
451 4313 604 4377 d'Auprtate,
614 4329 640 4378 p.
656 4314 721 4378 att).

298 4397 322 4444 6.
339 4394 445 4453 Teuffel,
461 4394 574 4444 Histoire
589 4394 622 4445 de
635 4394 663 4443 lc
682 4394 832 4445 litterature
846 4398 973 4450 romaica.
989 4397 1057 4446 trad.
1077 4397 1168 4460 trane,
1185 4401 1204 4449 t.
1218 4400 1261 4460 lll,
1278 4413 1304 4462 p.
1321 4403 1368 4462 943
1397 4402 1434 4451 cf.

270 4476 429 4534 Mommsen,
445 4473 530 4523 Setini
546 4473 715 4534 collectanea,
731 4474 773 4523 ed.
792 4478 860 4538 1864,
874 4473 1015 4546 Praet.,:pf‚
1033 4480 1055 4527 9.

302 4558 325 4605 ’1.
344 4555 456 4616 Croiset,
472 4555 555 4603 liecue
568 4555 613 4603 dea
632 4545 731 4605 Etudes
753 4569 884 4622 praequm,
907 4562 926 4607 t.
944 4556 964 4618 1,
989 4560 1065 4608 1888:
1080 4559 1117 4607 La
1139 4560 1253 4609 veracite
1266 4559 1432 4623 d'Htrodote,

271 4649 296 4700 p.
314 4637 368 4693 159,
384 4638 437 4694 tto,
454 4636 480 4683 et
495 4634 607 4684 Histoire
622 4634 653 4684 de
670 4635 696 4685 ln
712 4635 861 4686 litterature
873 4652 993 4702 praeque,
1010 4641 1031 4688 t.
1043 4638 1074 4696 ll,
1087 4653 1115 4702 p.
1129 4641 1247 4691 oct-ast.

305 4718 328 4765 8.
345 4714 419 4764 Videt
434 4713 466 4764 de
479 4715 515 4764 La
528 4714 631 4775 blache,
647 4715 697 4765 loc.
711 4716 768 4777 cit,
783 4730 810 4781 p.
826 4721 882 4769 stt.
