3360 5446
740 496 938 558 -90-

299 649 430 731 Quibus
447 651 482 717 in
498 651 583 719 locis
598 650 820 719 Ammianum
841 649 995 717 Solinum
1013 646 1182 715 imitatum
1203 663 1277 711 esse
1298 637 1417 730 proba-

253 764 355 832 bilius
370 766 493 846 habeo‚
507 766 667 855 quianon
681 766 782 833 modo
793 765 910 845 verba,
926 762 1100 831 sedetiam
1114 754 1416 828 nominaaSolino

253 881 406 948 adhibita
428 882 754 973 transcripsitquae‚
773 903 883 971 neque
907 879 999 971 apud
1017 879 1165 958 lllaelam,
1186 895 1299 963 neque
1326 868 1417 960 apud

250 997 402 1064 Plinium
418 997 565 1065 inveniri
578 1008 733 1086 possunt.

294 1112 425 1194 Quibus
449 1113 604 1180 fontibus
631 1113 907 1204 annumerandus
930 1121 982 1179 est
1000 1109 1187 1200 Dionysius
1204 1106 1412 1196 Perlegetes

253 1228 473 1296 Marcellinus
491 1229 596 1320 enim,
608 1251 678 1297 non
691 1229 805 1311 modo,
819 1252 886 1319 quo
903 1227 1021 1297 ordine
1035 1227 1093 1294 ille
1108 1223 1294 1293 nonnullos
1309 1243 1415 1312 popu·

251 1345 316 1427 los,
336 1344 433 1412 velut
455 1345 612 1428 Achaeos,
636 1345 850 1427 Cimmerios,
869 1345 1038 1428 Cercetas,
1061 1339 1262 1419 nominavit,
1285 1338 1356 1404 fere
1381 1336 1416 1403 in

253 1459 373 1527 ecdem
390 1461 636 1543 enumeravit¹,
656 1460 845 1543 sedetiam,
872 1483 914 1528 ex
931 1461 1025 1527 illius
1046 1481 1147 1548 opere
1166 1455 1224 1524 uhi
1246 1465 1415 1522 terrarum
1485 1545 1486 1549 Ἰ

253 1574 367 1643 orbem
385 1576 625 1668 descripserat,
642 1579 849 1669 populorum
865 1587 972 1644 terras
988 1574 1108 1643 Paludi
1131 1571 1280 1643 Maeolidi
1301 1570 1413 1638 flumi-

253 1690 356 1780 nique
370 1691 928 1782 Tanaidiproximasincolenlium
944 1690 1264 1780 transtulitprcrsus
1275 1688 1416 1755 desueta

208 1882 212 1890 ,
254 1807 406 1876 nomina.
426 1808 522 1877 Unde
542 1808 579 1875 fit
597 1819 646 1892 ut,
664 1809 755 1899 apud
773 1809 1010 1888 Ammianum‚
1030 1829 1151 1876 versus
1174 1806 1218 1873 ad
1237 1804 1414 1887 orientem,

256 1921 448 1991 Cimmeriis
464 1927 532 2002 §26
550 1925 572 1992 l.
591 1924 758 1994 Plinianae
778 1923 1047 2015 Chorographiae
1059 1923 1198 1990 insertae
1210 1922 1415 2002 Amazones,

257 2039 469 2108 Sauromatis
503 2040 702 2132 Maeotisque
735 2053 764 2120 ἐξ
787 2044 843 2125 29,
870 2044 929 2126 31,
960 2038 1181 2107 Ptolemaeani
1213 2038 1420 2117 Jaxamalae,

257 2176 390 2222 necnon
421 2154 464 2222 ad
490 2155 701 2224 occidentem
729 2177 848 2224 versus
877 2167 891 2234 ἐ
920 2158 974 2237 31,
996 2152 1187 2244 Iazygibus,
1220 2151 1420 2233 Roxolanis,

257 2271 401 2338 Halanis
428 2272 654 2340 aPtclemaec
668 2270 838 2340 ¹indicatis
859 2271 961 2362 (Ptol.
982 2274 1015 2346 3,
1040 2273 1071 2353 5,
1096 2270 1149 2359 19)
1171 2267 1418 2352 Melanchlaeni,

257 2386 380 2454 Geloni
395 2396 427 2454 et
443 2387 640 2478 Agathyrsi,
658 2384 890 2478 adjiciantur¹.

256 2539 260 2569 ς.
302 2503 366 2570 His
386 2503 500 2594 aliqua
522 2526 564 2570 ex
585 2514 680 2594 parte
702 2505 903 2594 explanatis,
925 2505 1007 2572 satis
1032 2506 1097 2573 sihi
1117 2505 1261 2594 quisque
1281 2522 1421 2593 persua-

257 2642 333 2686 sum
349 2619 499 2704 habebit,
516 2620 766 2709 Ammianum,l
772 2599 1055 2711 quotiescumque
1073 2619 1186 2689 oblata
1206 2628 1258 2686 est
1273 2617 1420 2699 eccesie,

256 2736 370 2803 fontes
396 2736 466 2802 fere
493 2737 642 2827 aequales
670 2737 813 2804 minime
842 2738 1052 2828 neglexisse.
1082 2737 1194 2818 Quare
1228 2758 1307 2803 eum
1335 2735 1418 2825 ipsis

258 2851 448 2943 aequalibus
475 2853 672 2920 auctoribus
690 2876 792 2921 usum
821 2876 896 2921 esse
922 2854 1087 2945 suspicari
1112 2853 1203 2920 licet.
1228 2851 1423 2921 Gardthau-

258 2968 391 3035 senius·
409 2972 537 3050 tamen,
555 2968 635 3036 huic
649 2969 761 3037 fontes
776 2969 969 3060 inquirendi
979 2969 1105 3037 rationi
1120 2992 1223 3059 supra
1239 2969 1423 3037 enuntiatae

258 3101 333 3146 sese
352 3078 579 3169 adstringens,
597 3103 666 3148 uon
685 3104 725 3148 ex
743 3081 823 3149 Ruli
843 3072 936 3150 Festi
952 3104 1068 3170 opere,
1086 3081 1146 3150 sed
1166 3105 1206 3172 ex
1228 3063 1293 3149 hoc
1311 3081 1423 3172 ignoti

260 3195 433 3283 scriptoris
452 3217 567 3285 opere,
588 3197 678 3286 quod
699 3198 941 3265 schematicam
963 3199 1211 3290 geographiam
1230 3209 1343 3282 vocat,
1362 3221 1425 3266 sua

259 3316 292 3376 et
309 3310 531 3378 Ammianum
545 3334 790 3402 nonnunquam
803 3313 955 3403 petiisse,
971 3325 1004 3381 et
1015 3315 1145 3384 Rulum
1157 3315 1298 3383 Festum
1310 3314 1423 3404 ipsum
1504 3294 1508 3307 ⁴

258 3426 444 3495 contendit.
463 3426 503 3494 ld
518 3436 632 3495 autem
646 3430 793 3517 conjecit
806 3452 849 3497 ex
867 3453 908 3498 eo
924 3430 1016 3521 quod
1033 3431 1272 3500 animadvertit
1284 3431 1373 3498 iuter
1388 3453 1440 3517 se·

259 3562 295 3609 se
311 3544 505 3610 consentire
522 3544 664 3612 Florum
681 3556 714 3612 et
729 3545 965 3614 Marcellinum
980 3546 1015 3613 in
1031 3546 1084 3614 his
1099 3546 1185 3615 locis
1202 3568 1209 3614 :

291 3795 316 3842 l.
338 3794 509 3856 Wernsdorl,
524 3797 617 3847 Rutilii
636 3798 791 3848 Namatiani
811 3797 980 3849 Itineroriam
999 3801 1132 3851 Prisciani
1152 3801 1305 3865 Periepeair.
1325 3803 1436 3852 Excurs·

261 3886 310 3922 sus
325 3874 367 3935 lV,
384 3876 470 3924 Poelae
486 3877 564 3926 latini
578 3880 700 3937 minores,
714 3878 755 3929 ed.
773 3879 901 3939 Lemaire,
918 3882 936 3929 t.
952 3880 995 3942 lv,
1011 3881 1030 3948 ᾗ
1046 3883 1092 3930 426
1107 3884 1134 3932 et
1148 3897 1206 3946 seq.

291 3955 316 4002 2.
338 3954 502 4019 Mdllenholl,
521 3958 569 4007 loc.
583 3960 644 4020 cit„
659 3961 682 4009 3.
697 3959 781 4020 Band,
794 3973 820 4022 p.
837 3961 866 4008 87
880 3961 905 4008 et
917 3962 956 4010 88.

292 4034 316 4084 3.
331 4036 391 4086 Lcc.
407 4037 467 4099 eit,
482 4052 510 4101 p.
525 4040 609 4089 22-29.
