3360 5446
646 479 845 544 *35„

156 642 276 708 lormae
299 647 332 704 et
355 634 500 726 pavendi
527 643 563 702 ut
586 634 726 731 bipedes
753 634 929 701 existimas
952 632 1094 712 bestias,
1128 633 1184 700 vel
1210 634 1328 723 quales

159 757 198 824 iu
225 750 538 843 commarginandis
564 749 724 840 pontibus
753 748 895 838 effigiati
922 746 1055 837 stipites
1090 746 1251 815 dolantur
1281 748 1334 815 in·

161 880 341 960 compte...

210 984 456 1054 «Indumentis
472 983 671 1072 operiuntur
687 982 801 1048 linteis
821 981 874 1049 vel
895 1003 937 1047 ex
957 979 1102 1070 pellibus
1120 979 1330 1048 silvestrium

163 1124 299 1170 murum
319 1098 574 1179 consarcinatis,
590 1120 653 1164 nec
669 1096 738 1164 alia
752 1095 821 1162 illis
845 1094 1033 1162 domestica
1054 1093 1159 1162 vestis
1185 1104 1248 1176 est,
1267 1093 1334 1162 alia

161 1217 321 1284 forensis.
349 1216 416 1284 Sed
441 1214 548 1283 semel
570 1212 716 1296 obsoleti
729 1210 855 1279 coloris
870 1209 986 1278 tunica
1007 1210 1095 1278 collo
1115 1210 1245 1277 inserta
1264 1231 1333 1277 non

163 1342 242 1400 ante
260 1331 443 1423 deponitur
460 1339 520 1399 aut
544 1340 695 1397 mutatur
710 1350 811 1418 quam
829 1326 991 1395 diuturna
1007 1326 1097 1394 carie
1113 1326 1149 1394 iu
1162 1326 1335 1416 pannulos

164 1447 345 1516 defluxerit
365 1448 562 1516 defrustata.
592 1444 722 1513 Galeris
742 1442 893 1512 incurvis
913 1441 1025 1532 capita
1046 1452 1175 1532 tegunt,
1202 1442 1334 1509 hirsuta

165 1563 375 1632 cruracoriis
388 1561 583 1631 muniendis
594 1559 752 1641 haedinis,
768 1581 955 1649 eorumque
972 1557 1078 1626 calcei
1089 1557 1247 1626 formulis
1258 1556 1336 1624 nul-

163 1677 207 1746 lis
232 1679 336 1768 aptati
355 1687 469 1746 vetant
483 1677 639 1745 incedere
654 1674 831 1763 gressibus
856 1674 1005 1741 liberis¹.
1024 1703 1040 1735 »

208 1795 352 1863 Brevius
368 1793 508 1887 quidem
523 1813 698 1882 expressa,
714 1789 858 1859 sednon
876 1791 991 1858 minus
1008 1790 1159 1860 novitate
1183 1790 1335 1880 insignia

165 1920 246 1978 sunt
261 1932 336 2000 quae
358 1910 400 1976 de
420 1909 570 2000 corporis
587 1908 705 1977 babitu
718 1907 833 1975 Persis
848 1905 986 1994 proprio
1007 1903 1221 1995 inspicienda
1240 1927 1338 1971 cura-

165 2024 223 2092 vit.
241 2023 334 2092 Nihil
351 2024 443 2092 enim
458 2023 609 2115 reperias
631 2023 721 2114 apud
744 2021 874 2111 priores
894 2030 953 2087 aut
969 2021 1119 2111 aquales
1134 2020 1335 2110 scriptores,

164 2150 235 2208 tam
252 2151 410 2208 exactum
427 2148 529 2231 atque
544 2139 738 2207 absolutum
757 2159 859 2229 quam
876 2136 950 2203 haec
964 2135 1079 2203 Nostri
1093 2135 1236 2225 pictura.

212 2283 228 2317 «
246 2255 419 2323 Primores
437 2254 582 2346 graciles
598 2277 694 2345 pane
712 2263 793 2321 sunt
814 2274 945 2335 omnes,
968 2251 1092 2343 inquit,
1108 2252 1263 2343 subnigri
1279 2253 1335 2320 vel

170 2368 275 2437 livido
298 2370 413 2437 colore
433 2369 587 2459 palenles
603 2368 752 2461 caprinis
775 2368 884 2438 oculis
906 2367 991 2436 torvi
1019 2380 1052 2436 et
1074 2371 1268 2459 superciliis
1299 2370 1335 2436 in

165 2481 390 2550 semiorbium
406 2483 554 2572 speciem
564 2481 713 2551 curvatis
723 2481 927 2575 punctisque
942 2503 1011 2548 non
1025 2476 1243 2548 indecoribus
1259 2481 1336 2548 bar-

164 2596 219 2665 bis
234 2596 436 2688 capillisque
451 2596 629 2686 promissis
645 2596 797 2663 hirsuti².
818 2623 834 2658 »
858 2581 1080 2677 Quinetiam,
1099 2594 1126 2661 si
1146 2593 1338 2684 Khanikoff

163 2713 237 2781 viro
253 2713 389 2805 quidem
402 2714 533 2805 judicio
559 2714 692 2781 erudito
713 2714 796 2781 lides
821 2709 977 2780 habenda
996 2712 1052 2794 sit,
1081 2712 1116 2778 in
1136 2711 1190 2780 his
1217 2713 1335 2804 depin-

163 2829 286 2917 gendis
302 2829 415 2896 arabis
429 2829 650 2920 scriptoribus
672 2835 812 2920 praestat
831 2829 1048 2897 Ammianus.
1067 2856 1083 2891 «
1107 2830 1173 2898 Les
1195 2840 1335 2898 auteurs

163 2944 282 3012 arabes
299 2955 375 3014 sont
388 2945 566 3037 beaucoup
582 2946 659 3036 plus
677 2945 905 3014 satisfaisants
922 2968 1002 3014 sous
1014 2946 1161 3014 certains
1176 2929 1334 3036 rapports

164 3083 230 3150 que
249 3062 299 3129 les
321 3061 474 3145 anciens,
499 3061 604 3145 dit-il,
632 3061 782 3151 quoique
807 3084 920 3130 aucun
942 3061 1055 3146 d'eux,
1078 3072 1195 3131 autaut
1211 3086 1277 3154 que
1298 3066 1335 3154 je

163 3176 277 3258 sache,
294 3178 378 3246 n’ait
400 3179 462 3246 fait
474 3201 522 3246 un
538 3177 681 3268 portrait
703 3178 798 3246 aussi
821 3179 973 3269 complet
994 3177 1039 3247 du
1064 3178 1192 3247 Persan
1214 3202 1279 3270 que
1301 3180 1333 3247 le

162 3298 420 3390 contemporain
438 3298 478 3365 de
491 3297 695 3388 l'empereur
710 3298 825 3366 Julien
844 3325 860 3360 a
876 3309 898 3364 ¹.

207 3417 338 3487 Eodem
354 3417 456 3485 modo
479 3417 521 3484 ad
541 3416 763 3484 ammianum
781 3416 959 3485 referenda
981 3440 1056 3486 esse
1082 3427 1164 3508 puto
1191 3441 1267 3510 quae
1291 3419 1331 3484 de

162 3534 375 3602 Halanorum
391 3542 535 3614 statura,
553 3531 698 3622 capillis,
716 3533 826 3616 vultu,
845 3532 1012 3622 legimus:
1029 3562 1045 3596 «
1061 3535 1200 3602 Proceri
1216 3541 1331 3603 autem

160 3652 283 3719 Halani
298 3673 394 3741 paene
413 3659 493 3718 sunt
508 3671 629 3717 omnes
645 3656 677 3715 et
691 3647 836 3738 pulchri,
857 3648 1008 3717 crinibus
1032 3647 1249 3717 mediocriter
1268 3649 1332 3716 fla-

162 3767 226 3850 vis,
241 3766 422 3835 oculorum
439 3775 625 3854 temperata
640 3764 798 3832 torvitate
815 3763 983 3831 terribiles
1000 3780 1050 3834 »⁴.
1069 3764 1137 3833 Sed
1153 3762 1194 3832 de
1211 3786 1330 3832 eorum

162 3881 288 3950 vestitu
312 3882 420 3949 multa
438 3879 528 3970 apud
549 3881 709 3947 Nostrum
729 3877 956 3946 desideranda
979 3888 1070 3946 sunt.
1102 3882 1217 3970 Neque
1238 3879 1330 3947 idem

161 3997 259 4065 nobis
276 3997 440 4064 satisfecit
453 3995 507 4063 his
525 3993 635 4062 verbis
652 4016 728 4084 quae
748 3992 790 4060 ad
806 3992 995 4062 Saracenos
1014 3994 1186 4084 pertinent
1203 4023 1210 4060 :
1229 4025 1245 4058 «
1269 3996 1331 4064 Se·

196 4207 218 4251 l.
233 4202 319 4262 xxxt,
335 4203 358 4260 2,
374 4203 398 4261 2,
414 4202 439 4249 ei
459 4212 506 4261 seq
520 4212 538 4260 ζ.

195 4285 218 4331 2.
234 4283 321 4342 Xlllll,
335 4284 357 4341 6,
375 4284 414 4331 75.

193 4365 216 4412 3.
230 4363 353 4412 Memoire
365 4377 411 4410 sur
427 4357 643 4424 ldibnoqrcpbie
657 4358 690 4406 de
712 4356 739 4406 lo
756 4359 842 4417 Perse,
859 4358 927 4415 1866,
944 4371 969 4420 p.
987 4360 1040 4407 tte.
1059 4358 1157 4408 Confer
1172 4357 1332 4421 zeitschrift

162 4443 211 4492 der
224 4441 364 4492 deutschen
379 4437 643 4505 marpenlundicclicn
659 4436 840 4500 Gesellscbasl‚
850 4437 965 4500 Leipzig,
982 4439 1058 4498 18653
1072 4439 1118 4486 Die
1137 4437 1258 4502 Religion
1276 4440 1331 4488 und

161 4524 229 4573 siue
244 4522 291 4572 der
310 4525 404 4572 Peraer
429 4521 484 4570 und
505 4519 614 4582 abripere
635 4517 740 4566 lrcnicr
760 4516 827 4566 nacla
850 4518 901 4566 den
920 4517 1095 4582 griechischen
1117 4521 1173 4569 und
1195 4519 1337 4570 rimiscien

162 4602 279 4664 Quetlen,
294 4618 347 4655 von
361 4605 395 4652 Ι)Ι
409 4603 439 4652 Α,
458 4602 542 4664 Rapp,
555 4614 581 4663 p.
596 4600 633 4647 tt.

194 4685 222 4734 l.
237 4684 323 4742 xxxi,
336 4687 360 4744 2,
376 4684 414 4731 21.
