3360 5446
832 529 1028 590 -34.-

340 677 381 743 iis
398 676 483 742 locis
497 676 554 743 ubi
578 678 618 745 de
638 677 691 744 his
713 679 814 744 verba
846 679 937 763 lecit,
964 701 1075 770 neque
1091 701 1158 770 quo
1178 688 1290 770 pacto,
1314 702 1423 770 neque
1439 703 1507 770 quo

343 803 507 880 tempore,
525 813 635 883 noque
652 817 694 861 ex
720 793 927 885 quibusnam
953 796 1101 885 populis,
1128 818 1240 888 neque
1257 794 1381 885 quibus
1405 796 1508 862 rebus

341 913 460 999 gestis,
474 921 543 978 tres
559 912 641 979 novi
653 916 755 1001 atque
767 912 893 1000 ignoti,
904 911 979 978 dioo
992 911 1032 979 de
1044 911 1198 994 Francis,
1211 910 1418 994 Saxonibus,
1432 913 1511 979 dla-

344 1027 491 1111 mannis,
509 1027 655 1094 instituti
672 1028 811 1110 luerint,
830 1027 1037 1116 cogitatione
1055 1028 1136 1118 fingi
1152 1036 1264 1117 potest
1276 1029 1299 1097 ¹.
1316 1029 1387 1096 Non
1412 1027 1511 1118 plura

346 1141 387 1208 de
404 1141 534 1233 aliquot
550 1142 774 1212 Orientalium
798 1143 944 1232 origine,
960 1153 1124 1233 quantum
1142 1167 1183 1211 ex
1206 1146 1281 1233 ejus
1296 1142 1395 1215 libris
1410 1142 1510 1211 nobis

345 1258 434 1326 notis
448 1259 601 1348 judicare
617 1259 804 1349 potuimuS,
823 1259 970 1349 reperire
989 1261 1081 1328 licet.
1099 1259 1246 1327 Tantum
1263 1259 1354 1327 enim
1367 1259 1511 1329 abestut

342 1372 377 1440 in
387 1372 500 1442 lucem
515 1374 680 1465 producat
690 1353 829 1458 Auctor,
843 1375 933 1441 unde
946 1374 1010 1442 orti
1025 1374 1093 1441 sint
1108 1373 1243 1441 Hunni¹
1260 1383 1295 1441 et
1312 1373 1473 1443 Saraceni
1482 1377 1509 1444 ⁸.

341 1491 410 1559 Sed
425 1490 471 1569 id,
492 1501 530 1558 ut
548 1514 686 1571 censeo,
703 1491 937 1559 excusandum
954 1498 1017 1559 est.

386 1605 570 1675 Enimvero
594 1630 663 1675 non
685 1617 736 1676 est
756 1607 1042 1676 dissimulandum
1068 1607 1278 1696 temporibus
1307 1607 1376 1674 illis
1399 1605 1510 1674 adhuc
1575 1667 1577 1670 ⁴

342 1747 499 1792 mancam
516 1725 622 1792 luisse
640 1725 841 1793 doctrinam.
861 1723 1091 1806 Quamobrem
1108 1745 1210 1792 nemo
1229 1727 1307 1814 jura
1329 1723 1366 1792 in
1391 1744 1510 1814 quam-

344 1838 427 1907 libet
444 1841 622 1930 antiquum
637 1840 817 1909 invehetur
834 1839 1099 1930 scriptoremqui
1112 1838 1386 1930 reliquitaliquid
1398 1841 1511 1907 inten-

342 1964 463 2023 tatum.
498 1956 668 2040 Ceterum,
704 1957 806 2024 ctiam
834 1965 952 2023 nostra
979 1965 1079 2024 aetate
1099 1955 1328 2045 complurium
1357 1955 1511 2050 gentium

342 2071 633 2162 historiamqnasi
649 2071 751 2162 longe
768 2072 935 2140 crassiore
952 2071 1099 2161 caligine
1112 2070 1303 2140 involutam
1314 2093 1389 2138 esse
1401 2071 1510 2139 faten-

343 2188 424 2254 dum
439 2195 502 2254 est.
528 2164 531 2173 ’

389 2304 546 2370 Attamen
569 2310 840 2372 consentaneum
859 2314 910 2371 est
925 2326 1004 2371 eum
1020 2304 1171 2392 primum
1192 2303 1405 2373 Halanorum
1423 2303 1511 2371 Bur-

344 2417 626 2508 gundionumque
643 2419 811 2510 originem
827 2418 998 2488 indicasse
1011 2434 1034 2488 ⁴.

388 2534 486 2614 Quod
513 2534 555 2602 ad
574 2535 731 2624 gentium
750 2535 905 2602 habitum
929 2542 963 2602 et
982 2534 1112 2603 cultum
1134 2534 1339 2626 inspiciendi
1366 2535 1510 2603 faculta-

344 2661 409 2718 tem
425 2660 565 2742 spectat,
583 2651 752 2742 praecipue
765 2651 956 2719 laudandus
968 2673 1043 2718 esse
1055 2651 1140 2718 mihi
1152 2653 1296 2729 videtur,
1311 2652 1402 2743 quod
1416 2652 1512 2718 Hun-

343 2789 407 2834 nos
424 2789 531 2858 usque
547 2767 590 2834 ad
605 2767 692 2836 banc
710 2774 846 2836 aetatem
862 2768 1011 2857 ignotos,
1030 2767 1086 2835 vel
1105 2791 1145 2835 ex
1159 2769 1243 2852 suis,
1260 2768 1314 2836 vel
1331 2791 1372 2835 ex
1388 2767 1510 2835 alienis

344 2882 684 2972 investigationibus,
707 2887 753 2953 ita
774 2884 924 2975 depinxit
943 2894 980 2952 ut
997 2885 1116 2975 quales
1140 2894 1218 2952 ante
1239 2907 1319 2952 suos
1340 2892 1509 2951 mercato·

343 3021 463 3067 rumve
480 2999 598 3067 oculos
611 3000 713 3091 positi
730 3013 821 3083 sunt,
841 3002 925 3070 tales
941 3025 961 3068 a
975 3000 1170 3090 legentibus
1187 3024 1323 3093 quoque
1340 2999 1511 3090 aspician-

346 3125 410 3183 tur.
431 3140 447 3178 ι(
464 3115 531 3185 Ubi
547 3117 707 3207 quoniam
723 3117 765 3184 ab
782 3117 865 3206 ipsis
880 3117 1042 3186 nascendi
1062 3119 1222 3208 primitiis
1236 3119 1406 3185 infantum
1421 3118 1510 3185 ferro

344 3231 521 3299 sulcantur
538 3231 642 3299 altius
663 3255 771 3321 gena,
791 3234 913 3324 inquit,
933 3242 971 3301 ut
990 3234 1140 3324 pilorum
1164 3233 1265 3321 vigor
1286 3230 1510 3323 tempestivus

343 3326 733 3436 emergensoonrugatis
743 3348 956 3417 cicatricibus
972 3348 1162 3431 hebetetur,
1184 3356 1368 3415 senescunt
1382 3331 1529 3414 imber-⁴

341 3461 401 3528 bes
424 3461 552 3551 absque
582 3463 676 3531 nulla
701 3470 886 3545 vetustate,
918 3463 1127 3554 spadonibus
1153 3463 1295 3548 similes,
1321 3462 1509 3554 compactis

343 3599 462 3645 omnes
483 3578 658 3668 firmisque
684 3579 847 3647 membris
875 3589 908 3646 et
937 3578 1060 3669 opimis
1087 3578 1276 3646 cervicibus
1301 3577 1508 3668 prodigiosae

372 3850 394 3897 1.
411 3848 507 3898 Confer
520 3845 611 3898 F'ustel
626 3850 658 3898 de
669 3849 827 3914 Coulanges,
845 3849 991 3900 t'iavosion
1006 3850 1175 3915 parmamque
1190 3850 1215 3896 et
1232 3845 1260 3896 ta
1273 3845 1310 3909 fin
1323 3844 1355 3894 de
1375 3843 1509 3908 lllmptm,

340 3929 382 3978 ed.
398 3929 507 3991 tullian,
524 3933 594 3990 1391,
609 3944 637 3994 p.
649 3932 703 3980 243.

372 4011 394 4060 2.
406 4011 532 4062 Attamen
555 4009 589 4058 de
604 4010 765 4060 Hunnorum
788 4013 893 4076 origine
921 4011 1127 4076 percunctatum
1146 4023 1205 4059 esse
1219 4008 1390 4059 ammianum
1406 4006 1512 4068 conjec-

339 4096 400 4139 tura
416 4091 544 4155 consequi
554 4091 616 4140 licet
631 4093 721 4141 exhoc
735 4092 793 4142 loeo
810 4112 821 4138 a
833 4090 977 4157 nullusque
993 4092 1064 4154 apud
1080 4105 1127 4140 eos
1137 4090 1317 4152 interrogatus
1332 4084 1509 4150 respondere,

341 4171 411 4221 unde
424 4172 519 4233 oritur,
535 4158 626 4236 potest
641 4191 652 4216 a
669 4173 775 4236 (dmm,
789 4174 875 4234 XXXI,
888 4176 968 4237 21⁰)-
1285 4230 1287 4235 ‚

370 4252 392 4300 3.
409 4252 569 4302 Ammianus
582 4252 638 4315 ipse
652 4267 703 4302 nos
726 4254 855 4303 certiores
875 4254 936 4303 tecit
954 4276 965 4298 «ι
990 4253 1103 4302 diversis
1125 4254 1153 4301 in
1173 4251 1240 4301 locis
1260 4269 1271 4294 n
1288 4248 1365 4314 plura
1381 4247 1415 4296 de
1431 4247 1510 4296 Sara·

340 4345 468 4380 cenorum
485 4334 587 4397 origine
600 4333 736 4382 rettulisse
749 4335 844 4395 (xxvi,
861 4336 900 4396 31,
917 4338 939 4391 1,
956 4337 979 4393 6,
995 4335 1008 4381 5
1012 4343 1029 4395 1.
1046 4335 1108 4382 Ilaec
1123 4333 1212 4381 autem
1225 4330 1322 4379 desunt
1335 4329 1363 4378 in
1377 4329 1418 4378 his
1433 4325 1511 4376 libris

339 4413 385 4476 qui
403 4418 558 4477 supersunt.
574 4413 669 4464 Confer
681 4413 723 4463 ed.
740 4414 935 4475 Gardthausen,
948 4415 999 4463 rol.
1016 4415 1034 4474 l,
1053 4413 1091 4484 p.
1109 4412 1308 4461 l:Perdttorum
1323 4410 1451 4459 librorum
1466 4420 1510 4457 re-

339 4493 440 4557 liquiae.

369 4575 392 4621 1.
410 4575 508 4625 Conler
524 4576 617 4625 t'tvien
627 4575 659 4624 de
676 4578 870 4637 saint-Martia,
885 4568 985 4626 E'tades
1000 4577 1031 4626 dc
1040 4573 1198 4639 pcoprapbr'e
1209 4573 1335 4622 ancienne
1347 4574 1374 4621 ct
1388 4567 1507 4619 d'ethao·

336 4653 448 4718 praptie
462 4657 602 4721 osiatique,
616 4657 686 4717 1853,
702 4671 729 4720 p.
747 4658 801 4717 109,
820 4660 863 4706 116
879 4662 905 4706 ct
917 4658 996 4717 suiv,
1010 4661 1034 4706 ct
1048 4657 1136 4714 notes,
1153 4654 1288 4712 etdmm„
1304 4651 1413 4711 XXVlll,
1423 4653 1445 4710 5,
1463 4651 1507 4708 tl,

338 4735 424 4796 1111111,
440 4737 464 4795 2,
481 4738 519 4786 13.
