3360 5446
736 520 935 590 -37-

256 677 395 766 capillos
423 677 537 744 minus
560 676 694 759 rutilos,
721 699 864 768 corpora
883 682 1000 749 minus
1024 682 1295 753 robusta'fuisse
1309 688 1425 776 ‘quam

258 790 429 880 prioribus
444 791 563 862 Gallis.

300 905 363 973 His
382 905 468 975 adde
488 906 591 996 quod,
617 907 706 976 Galli
728 931 814 1000 quos
840 911 1021 1002 descripsit
1040 913 1175 997 Noster,
1193 913 1217 980 ii
1244 913 1426 982 Germanis

258 1020 410 1089 aTaoito
434 1021 656 1112 Polyenoque
680 1023 856 1115 descriptis
877 1026 1007 1094 similes
1030 1036 1139 1096 suut¹.
1162 1027 1307 1119 Utrique
1323 1029 1426 1097 'enim

258 1138 351 1225 genti
367 1137 459 1206 idem
477 1138 585 1219 oolor,
602 1137 707 1206 iidem
722 1141 837 1232 capilli
853 1154 943 1211 sunt.
964 1143 1082 1235 Neque
1093 1143 1202 1213 multo
1217 1143 1426 1213 diffort'Gal-

256 1253 370 1322 lorum
381 1253 565 1323 Ammiano
581 1255 769 1346 aequalium
784 1266 915 1327 statura
935 1259 976 1327 ab
997 1259 1305 1329 Alamannorum«
1324 1282 1426 1349 gran·

257 1368 450 1439 dissimis...
469 1368 671 1463 corporibus
683 1379 729 1438 »¹.
744 1371 836 1440 Satis
852 1383 968 1442 autem
984 1373 1145 1443 convenit
1160 1384 1292 1441 veteres
1307 1373 1343 1441 in
1354 1375 1426 1444 suis

257 1483 353 1552 libris
368 1488 616 1578 componendis
634 1492 751 1563 Gallos
766 1516 846 1563 eum
869 1491 1051 1560 Germanis
1067 1490 1192 1581 saepius
1216 1491 1426 1562 confudisse.

258 1600 313 1668 Sio
329 1600 443 1670 Gaesar
459 1603 576 1673 Gallos
592 1607 785 1698 nominavit
800 1630 859 1675 eos
875 1628 1058 1696 germanos
1072 1606 1302 1700 populos,qui
1314 1607 1430 1697 Belgi-

258 1737 333 1784 cam
348 1740 459 1810 nuper
474 1733 727 1811 occupaverant
737 1734 759 1788 ¹.

299 1838 459 1906 Attamen
477 1860 497 1906 a
520 1839 701 1929 Belloguot
726 1841 890 1908 dissentio
915 1839 974 1931 qui
995 1838 1172 1908 contendit
1192 1839 1428 1909 Marcellinum

255 1964 411 2022 nostrum
429 1955 545 2024 Gallos
563 1956 744 2025 Germanis
756 1955 980 2048 descripsisse
990 1955 1121 2024 similes
1132 1955 1213 2047 quia
1224 1957 1427 2046 septentrio·

255 2070 351 2138 nales
363 2069 519 2157 vidisset,
538 2072 659 2139 Rheno
672 2071 848 2163 proximos
863 2077 897 2139 et
911 2093 991 2140 cum
1004 2070 1185 2161 Germanis
1197 2070 1324 2139 mixtos
1336 2070 1428 2138 ideo-

246 2209 320 2276 que
339 2186 583 2269 robustiores‘.
601 2189 687 2256 Nam
708 2188 780 2256 fieri
796 2210 932 2278 quoque
953 2187 1065 2277 potuit
1080 2197 1118 2254 ut
1131 2182 1428 2277 ¹septentrionales

256 2301 343 2370 Galli
360 2324 439 2371 cum
454 2302 622 2371 Romanis
638 2303 708 2372 sint
722 2303 914 2373 commixti.
933 2303 1117 2385 Praeterea,
1135 2324 1205 2370 non
1222 2301 1307 2370 mihi
1321 2301 1427 2379 ,satis-

253 2415 413 2515 fecithoc
428 2427 673 2508 argumentum
688 2417 730 2487 ab
739 2418 864 2505 eodem
873 2419 1039 2511 scriptore
1050 2418 1130 2486 inde
1147 2427 1321 2508 sumptum
1335 2417 1427 2508 quod

255 2532 378 2600 Noster
394 2532 428 2600 in
448 2534 524 2602 loco
536 2537 609 2624 jam
625 2556 729 2627 supra
746 2534 848 2603 allato
865 2534 981 2603 Gallos
995 2533 1037 2602 ab
1054 2532 1238 2624 Aquitanis
1255 2533 1421 2602 distinxit.

297 2647 384 2715 Nam
398 2648 481 2732 haec,
494 2671 564 2716 non
577 2650 679 2718 modo
690 2634 886 2731 exGaesare,
901 2660 938 2717 ut
949 2648 1110 2733 vidimus,
1122 2647 1423 2739 suntdeprompta,
1450 2661 1452 2668 '

254 2765 313 2832 sed
329 2766 432 2834 etiam
445 2767 661 2836 infirmantur
677 2767 745 2835 alio
763 2767 840 2836 loco
855 2767 914 2835 ubi
931 2766 1048 2835 Gallos
1063 2788 1142 2835 cum
1152 2764 1336 2857 Aquitanis
1347 2786 1424 2833 con·

249 2883 388 2970 junctos
409 2881 590 2972 descripsit
604 2883 841 2952 Ammianm‘.
857 2884 933 2966 Qua
947 2906 983 2951 ro
1000 2862 1151 2951 adducor
1164 2892 1215 2967 ut,
1230 2903 1300 2948 non
1321 2880 1424 2948 modo

254 2999 295 3065 de
315 2996 641 3088 septentrionalibus
666 2997 788 3082 Gallis,
809 2998 870 3066 sed
891 2998 996 3067 etiam
1017 2998 1060 3065 'de
1084 2996 1257 3066 universis
1272 2994 1425 3064 locutum

253 3135 328 3181 esse
344 3124 518 3182 auctorem
538 3134 709 3182 censeam.

297 3229 430 3312 Quibus
445 3230 551 3321 igitur
565 3231 756 3321 perpensis,
775 3231 812 3298 in
825 3230 913 3300 hauc
926 3233 1159 3322 conjecturam
1178 3229 1321 3297 inducor
1331 3225 1424 3295 haud

251 3369 360 3437 pauca
385 3368 423 3415 ao
445 3347 591 3415 fortasse
614 3334 733 3415 omnia
754 3346 796 3414 ab
819 3348 1002 3415 Ammiano
1028 3346 1154 3435 scripta
1179 3345 1220 3413 de
1245 3343 1422 3412 Gallorum

251 3461 370 3531 habitu
386 3484 456 3530 non
472 3485 514 3529 ex
527 3461 636 3552 ipsius
651 3461 977 3551 investigationibus
991 3461 1111 3541 fluere,
1137 3459 1198 3527 sed
1213 3481 1254 3527 ex
1269 3456 1421 3546 complu-

251 3579 341 3645 rium
355 3578 562 3668 soriptorum
577 3577 723 3647 lectione
740 3577 799 3669 qui
812 3577 962 3667 Augusti
977 3586 1074 3646 aetate
1092 3575 1212 3644 eadem
1223 3573 1419 3677 attigerant,

252 3694 435 3784 Gallosque
469 3693 650 3762 Germanis
682 3693 813 3762 similes
842 3692 1081 3783 depinxerant.
1119 3690 1254 3759 Etenim
1280 3689 1309 3758 si
1333 3710 1420 3779 quos

249 3809 344 3879 locos
370 3810 516 3877 intuitus
535 3809 604 3876 eris
630 3808 687 3876 ubi
714 3808 847 3890 Livius,
865 3809 992 3888 Caesar.
1016 3807 1187 3876 Diodorus
1203 3805 1354 3892 Siculus,
1375 3825 1418 3870 ne

248 3924 365 4013 plures
382 3926 536 4007 afferam,
550 3924 668 3993 Gallos
685 3925 876 3993 describere
888 3904 1154 4006 studuerunt‚iis
1165 3920 1420 3991 animadvertes

248 4041 456 4108 Ammianea
471 4039 708 4131 respondere⁶.

279 4314 300 4359 l.
318 4309 356 4361 Cf.
369 4309 517 4372 Belloguet,
534 4305 701 4370 thnopeute
718 4305 845 4370 cauteiae,
863 4306 932 4368 ¹872,
947 4307 975 4357 2ο
988 4308 1085 4373 partie,
1101 4322 1130 4373 p.
1149 4309 1187 4360 86.

278 4396 300 4441 2.
316 4390 381 4451 XVI,
396 4392 433 4448 12,
448 4391 487 4438 47.

281 4473 303 4520 3.
319 4471 351 4531 ll,
367 4472 405 4531 30,
421 4471 458 4518 De
475 4465 547 4518 Bell.
566 4465 636 4517 Gall.

276 4553 301 4599 ’4.
320 4553 377 4600 Loc'.
393 4551 452 4609 cit„
474 4562 501 4612 p.
517 4549 557 4597 89.

279 4627 302 4681 Β.
318 4630 370 4690 XV,
387 4633 424 4692 12,
440 4633 464 4680 2.

279 4713 301 4758 6.
318 4710 407 4760 Livius
422 4729 434 4755 a
452 4711 555 4759 formas
570 4708 711 4758 hominum
731 4709 873 4760 inusitatas
891 4730 912 4771 l,
923 4711 958 4769 vV,
974 4706 1018 4773 3'5;
1030 4731 1041 4756 «
1057 4723 1172 4774 corpora
1188 4710 1348 4774 animosque
1363 4718 1421 4760 mae

1281 4821 1296 4865 4
