3360 5446
748 501 930 542 -tl-

249 646 344 730 dam,
359 648 404 720 ad
418 649 572 721 alteram
592 653 712 720 eutem
730 645 767 718 in
784 642 905 717 medio
924 635 1200 733 relinquendam
1216 631 1419 707 313131113-

253 773 325 845 bat.
340 773 480 844 Etenim
497 773 621 868 quales
642 769 855 843 Ammianus
871 762 1078 859 descripsit,
1100 761 1177 832 lere
1196 759 1285 833 tales
1305 768 1420 832 terres

254 896 459 970 etiamnunc
483 897 617 984 intueri
643 897 745 980 licet;
773 897 901 989 gentes
928 895 1048 962 autem
1072 885 1231 958 inomni
1258 887 1420 958 omnium
1460 947 1462 957 ,

256 1027 403 1093 aetatum
418 1021 509 1094 serie
525 1022 573 1094 ita
591 1021 797 1094 commixta
819 1018 975 1103 luerunt,
995 1021 1033 1084 ut
1054 1010 1179 1108 quales
1197 1010 1416 1106 depinxerit,

257 1170 318 1218 eas
335 1147 369 1217 in
386 1146 646 1219 recentioribus
665 1143 820 1242 populis]
834 1161 1036 1239 agnoscere
1056 1135 1201 1210 dillicile
1218 1135 1277 1210 sit.
1297 1138 1421 1230 ltaque

258 1269 399 1365 opinor,
427 1293 507 1365 quae
541 1269 585 1342 de
613 1268 781 1366 gentibus
807 1265 940 1362 scripta
960 1269 1057 1350 sunt,
1084 1284 1128 1334 ea
1148 1260 1296 1358 maj0ris
1316 1261 1423 1358 pretii

259 1417 338 1466 esse
355 1417 463 1489 quam
477 1417 557 1491 quae
573 1395 617 1468 ad
636 1399 750 1467 terras
766 1391 987 1488 pertineant.

308 1517 457 1592 Accedit
481 1522 568 1595 illud
594 1523 693 1618 quod
716 1522 797 1594 hae.
823 1520 1068 1619 digressiones
1094 1540 1168 1590 non
1189 1515 1310 1590 minus
1334 1516 1424 1590 mira

257 1646 485 1744 jucunditate
496 1627 740 1743 varietateque
752 1646 1022 1732 commendant,
1038 1666 1155 1738 neque
1168 1645 1285 1747 minus
1297 1647 1424 1738 aperte

261 1793 304 1842 ac
336 1771 488 1845 tortasse
521 1773 636 1868 magis
672 1773 853 1845 illustrant
889 1769 1140 1842 Ammianeam
1175 1767 1425 1840 narrationem

263 1894 437 1967 bellorum
449 1919 529 1990 quoe
547 1899 699 1969 Romani
711 1919 755 1969 eo
767 1903 931 1992 tempore
944 1917 1027 1967 cum
1039 1892 1136 1964 baud
1149 1893 1273 1988 paucis
1285 1891 1426 1989 populis

262 2017 348 2091 ieris
371 2018 406 2089 iu
424 2019 567 2114 imperii
584 2018 674 2092 fines
699 2019 923 2092 irruentibus
948 2021 1153 2114 gesseruut.
1178 2019 1293 2100 Quem
1314 2015 1426 2088 tinem

263 2143 487 2224 Ammianus,
509 2151 546 2215 ut
565 2166 609 2215 ex
625 2143 808 2216 nonnullis
828 2144 882 2215 sui
906 2142 988 2214 libri
1004 2141 1095 2214 locis
1116 2140 1274 2238 perspici
1289 2148 1424 2237 potest,

263 2267 330 2340 sibi
344 2269 529 2363 proposuit
541 2272 564 2342 ¹.
583 2272 661 2353 Qua
677 2268 712 2340 iu
725 2291 762 2341 re
773 2268 829 2342 vel
845 2266 1034 2355 Sallustii¹,
1052 2265 1107 2338 131
1122 2265 1235 2338 Taciti
1249 2265 1426 2338 rationem

264 2395 409 2464 secutus
425 2414 505 2465 esse
522 2391 610 2464 mihi
627 2390 784 2465 uidetur.
1087 2477 1088 2481 Ἰ

316 2496 1430 2614 Quodveroinhocoperesuscipicndopropositumhabuerim,

264 2639 460 2714 lectoribus
486 2641 732 2737 quaerentibus
759 2642 829 2715 boc
851 2640 1107 2738 respondebo:
1130 2639 1313 2736 praecipue
1335 2641 1432 2714 omui

266 2787 335 2860 ope
349 2773 455 2861 atque
473 2789 585 2862 opera
601 2784 660 2838 me
683 2765 770 2838 eniti
795 2770 834 2838 ut
854 2765 1034 2863 reperiam
1052 2789 1132 2862 quae
1148 2789 1192 2838 ex
1211 2764 1318 2837 variis
1336 2765 1435 2838 libris

266 2896 300 2963 at
325 2914 369 2964 ex
394 2890 523 2985 quibus
561 2890 795 2986 scriptoribus
817 2890 980 2964 hauserit
1004 2895 1148 2965 Noster.
1175 2894 1349 2986 Namque,
1378 2890 1436 2965 his

177 3075 178 3078 ,
268 3013 425 3101 omissis,
444 3023 620 3111 quantum
648 3015 726 3113 ejus
749 3015 898 3114 ingenio
928 3015 973 3088 sit
1001 3016 1248 3103 tribuendum,
1274 3025 1437 3114 nequeat

268 3139 455 3213 aestimari.
476 3139 609 3226 Quibus
630 3140 666 3212 in
681 3140 912 3237 indagandis,
934 3165 1044 3238 quam
1061 3141 1184 3214 multae
1201 3141 1434 3218 difficultates

270 3265 486 3362 superandae
497 3264 643 3354 luerint,
661 3272 837 3361 quantum
851 3267 989 3340 laboris
1001 3267 1226 3365 insumptum
1242 3271 1299 3358 sit,
1311 3270 1440 3344 intelli-

271 3398 356 3487 gent
368 3389 391 3462 ii
403 3390 463 3485 qui
470 3390 545 3487 jam
557 3391 718 3486 aggressi
730 3396 816 3463 sunt
826 3390 1106 3466 hocstudiorum
1117 3419 1247 3490 genus.
1263 3395 1438 3492 Equidem

271 3514 401 3587 lubens
421 3493 536 3587 faleor
556 3514 664 3610 hujus
690 3515 826 3588 laboris
847 3538 980 3613 magna
1007 3517 1218 3614 adjumenta
1241 3519 1352 3593 luisse
1378 3544 1439 3594 eas

272 3638 1440 3742 praeclarasetutilissimaslucubrationesquasadgeographicas

305 3941 390 4001 LXV,
407 3944 428 4003 1,
446 3944 457 3990 1
474 3954 481 3990 :
500 3942 596 3991 «Tunc
608 3941 679 3990 enim
691 3941 825 3992 laudanda
838 3943 880 3992 est
889 3942 1008 3993 brevitas
1023 3957 1085 3993 3331
1101 3956 1190 3993 313133
1202 3956 1332 4008 rumpens
1347 3946 1443 3996 intem-

272 4021 389 4085 pestivas
405 4020 473 4070 nihil
487 4021 622 4071 subtrabit
635 4022 783 4086 cognitioni
791 4025 940 4086 gestorum.
954 4042 965 4066 1
977 4023 1031 4085 XV,
1039 4027 1063 4085 9,
1075 4026 1086 4073 1
1104 4038 1111 4073 :
1124 4042 1167 4074 1...
1182 4023 1326 4074 Galbanum
1342 4029 1442 4077 tractus

272 4104 300 4152 et
314 4102 396 4152 311331
411 4102 554 4151 ostendere
566 4103 631 4165 puto
646 4115 718 4151 nunc
730 4102 929 4166 tempestivum,
942 4117 976 4153 ne
993 4103 1065 4153 inter
1073 4103 1225 4168 procinctus
1233 4106 1362 4155 ardentes
1372 4120 1443 4170 proe-

272 4183 425 4245 liorumque
441 4181 525 4231 131133
540 4195 618 4230 casus
635 4181 728 4245 ignota
745 4181 907 4246 quibusdam
934 4183 1080 4247 expediens
1098 4183 1197 4233 imitari
1223 4184 1313 4234 videar
1337 4184 1443 4237 desides

272 4263 403 4323 nauticos,
430 4261 529 4311 adtrita
544 4261 627 4310 lintea
647 4275 708 4311 cum
733 4261 905 4320 rudentibus,
928 4276 987 4326 quae
1008 4263 1083 4313 licuit
1105 4264 1194 4327 parari
1216 4265 1346 4326 securius,
1371 4266 1443 4316 inter

272 4343 371 4392 fluetus
379 4341 510 4391 resarcire
521 4343 626 4390 coactos
642 4349 668 4391 et
680 4332 890 4406 tempestates...
901 4361 923 4393 1.
934 4343 1023 4402 Xlllll,
1034 4345 1057 4404 6,
1070 4345 1082 4391 1
1096 4358 1101 4392 :
1115 4362 1126 4387 «
1137 4344 1265 4406 Quisquis
1274 4345 1345 4394 enim
1355 4345 1443 4396 adlec-

272 4425 311 4473 tat
321 4422 431 4472 nimiam
445 4420 606 4470 brevitatem
624 4420 670 4470 ubi
683 4423 827 4471 narrantur
848 4424 986 4486 incognita
1001 4439 1008 4472 ι
1024 4437 1079 4472 333
1095 4424 1158 4486 quid
1177 4424 1309 4486 signatius
1320 4426 1442 4490 explicet,

274 4501 321 4559 sed
331 4500 394 4564 quid
413 4499 509 4563 debeat
524 4501 663 4565 preteriri,
674 4503 821 4553 scrutetur.
839 4522 850 4547 a

305 4581 402 4632 Confer
414 4582 549 4643 Bunbury‚
566 4581 674 4644 Historp
688 4584 720 4643 of
731 4582 838 4632 ancient
852 4583 1012 4648 perprapby,
1026 4583 1081 4632 vol.
1097 4585 1117 4645 1,
1133 4597 1160 4647 p.
1178 4584 1224 4634 619
1243 4586 1352 4636 313311.

307 4664 331 4711 2.
351 4663 466 4720 Hermes,
483 4661 549 4721 xvl,
563 4675 589 4725 p.
605 4664 661 4724 602,
679 4663 733 4722 ott,
749 4664 803 4712 635.
