3360 5446
746 505 944 566 ...12-

254 657 363 724 Corax
378 656 518 722 inlluit¹.
537 658 586 724 Ex
602 679 668 745 quo
686 637 824 746 collegit.
844 656 1050 724 Miillenholi
1074 677 1152 722 cum
1179 655 1421 722 Ptolemeeanis

255 771 453 838 nominibus
474 772 608 863 reliqua
627 794 669 838 ex
688 771 921 861 compluribus
947 770 1168 860 scriptoribus
1194 769 1318 837 hausta
1344 791 1421 837 eon-

253 886 382 954 fudisse
401 886 625 975 expilatorem
646 896 747 976 atque
773 890 846 977 ejus
867 886 1036 953 rationem
1064 896 1220 952 secutum
1243 907 1318 952 esse
1343 886 1422 952 Am-

255 1003 543 1083 mianum¹3neve
560 1011 663 1084 recte,
682 1013 719 1069 ut
734 1025 810 1070 mea
825 1002 941 1091 opinio
957 1002 1035 1068 lert.

299 1118 438 1192 Etenim
449 1118 521 1185 fieri
540 1119 651 1207 potuit
674 1128 712 1185 ut
727 1118 800 1208 ipse
816 1118 1020 1184 Ammianus
1036 1117 1123 1185 alios
1139 1125 1297 1184 auctores
1320 1118 1423 1209 (quos

255 1233 551 1325 quidemreperire
568 1234 703 1301 difficile
717 1228 800 1301 mihi
811 1232 957 1323 videtur)
970 1256 1010 1300 ae
1024 1233 1249 1301 Ptolemaeum
1268 1234 1424 1324 perlege·

253 1352 311 1434 rit,
335 1371 481 1441 quorum
506 1349 630 1448 tradita
656 1349 796 1418 nomina
818 1349 1058 1418 Ptolemaeauis
1089 1348 1278 1418 miscuerit.
1306 1341 1424 1439 Neque

251 1465 467 1534 inferendum
494 1487 568 1533 esse
595 1465 742 1533 arbitror
759 1465 1002 1533 intermedium
1031 1474 1207 1557 auctorem
1239 1475 1424 1556 pertracta-

254 1589 343 1666 tum,
371 1581 450 1649 inde
469 1582 560 1672 quod
581 1581 616 1648 in
638 1581 692 1648 his
713 1604 816 1672 supra
839 1581 952 1649 allatis
977 1581 1143 1648 nonnulla
1169 1581 1426 1672 deprehendere

253 1697 334 1765 licet
348 1720 424 1787 quae
437 1697 528 1788 apud
543 1698 634 1764 ltuuc
647 1718 798 1785 graecum
814 1697 1053 1786 geographum
1070 1697 1212 1786 reperiri
1235 1707 1421 1787 nequeunt.

299 1814 467 1905 Namque,
493 1824 531 1880 ut
546 1813 793 1881 ‘animadvertit
818 1813 1097 1894 Mommsenius⁸,
1128 1813 1221 1881 haud
1251 1837 1360 1902 pauca
1383 1816 1424 1884 de

255 1950 318 1996 suo
335 1928 480 2017 adjicere
500 1927 588 1994 solet
602 1928 734 2012 Noster,
754 1936 791 1995 ut
807 1928 1053 2018 descriptiones
1069 1939 1167 1996 ornet
1185 1938 1287 2018 atque
1299 1929 1421 2019 ampli-

254 2044 334 2129 ficet
348 2065 443 2112 suas·
459 2042 564 2134 Cujus
580 2043 716 2132 generis
741 2066 816 2111 esse
842 2044 1008 2134 suspicor,
1033 2066 1103 2111 non
1128 2053 1263 2111 tantum
1284 2067 1360 2133 quae
1381 2045 1421 2112 de

257 2159 469 2228 Sauromatis
496 2182 598 2249 supra
620 2160 780 2250 legimus,
804 2160 982 2228 sedetiam
1005 2183 1081 2252 quae
1102 2160 1145 2228 ad
1168 2160 1419 2229 Saracenorum
1509 2188 1514 2194 ·

236 2298 382 2345 nomen
396 2277 579 2366 pertinent.
596 2276 744 2355 Etenim,
764 2298 960 2367 quanquam
981 2277 1142 2345 Saraceni
1160 2299 1179 2344 a
1199 2276 1295 2343 nullo
1317 2278 1424 2366 serip-

253 2402 328 2460 tore
342 2391 439 2482 prius
455 2402 768 2460 commemorantur
779 2414 881 2482 quam
898 2392 965 2460 aC.
984 2392 1185 2475 Ptolemae,
1209 2402 1324 2460 tamen
1344 2415 1424 2472 con-

255 2516 322 2575 stat
337 2507 378 2574 ab
394 2508 514 2576 eodem
529 2530 599 2575 non
614 2507 650 2574 in
665 2507 900 2598 Scenitisponi
912 2508 1131 2578 Saracenos&
1142 2509 1192 2576 Ex
1205 2530 1272 2598 quo
1288 2511 1422 2597 conjec-

257 2632 335 2704 tura
352 2623 488 2712 assequi
504 2623 584 2690 lieet
607 2623 797 2692 Saracenos
820 2645 946 2690 nomen
971 2645 1073 2690 suum
1090 2632 1168 2714 post
1189 2622 1365 2691 Ptolemaei
1389 2633 1422 2690 et

165 2825 167 2830 Ι
256 2747 334 2805 ante
347 2738 546 2807 Ammniani
566 2748 700 2806 aetatem
726 2738 872 2808 Scenitis
895 2739 1115 2829 imposuisse,
1133 2761 1243 2829 neque
1254 2738 1418 2808 haeemu-

254 2863 325 2921 tata
341 2853 518 2944 ignorasse
530 2853 770 2921 Marcellinum
785 2864 955 2922 nostrum.

303 2969 549 3059 Quodcumque
566 2981 628 3052 est,
640 2969 815 3037 nonnullis
832 2993 874 3037 ex
885 2970 940 3038 his
950 2972 1157 3061 populorum
1174 2971 1419 3039 Ptolemaeanis

253 3084 672 3175 nominibuerespondent
682 3086 839 3176 aliquota
855 3085 978 3167 Plinio,
988 3084 1119 3168 Selino,
1132 3085 1295 3175 Dionysio
1305 3085 1421 3152 Perie-

255 3208 332 3287 gete
348 3201 490 3288 prolata,
509 3201 597 3283 dico,
624 3201 766 3268 nemina
788 3201 942 3284 serunt,
970 3201 1285 3284 Sauromatarum⁶,
1309 3201 1424 3269 Sceni-

253 3316 396 3383 tarum'.
420 3317 514 3398 Quos
542 3340 623 3384 vero
644 3317 826 3408 scriptores
850 3316 891 3384 ab
913 3305 1096 3385 Ammiano
1120 3317 1228 3385 fuisse
1251 3317 1423 3385 adhibitos

181 3449 183 3453 ’
254 3452 391 3498 censeo.
408 3432 556 3513 Etenim,
575 3443 744 3502 utrursus
765 3433 1031 3501 Mommsenium
1057 3441 1181 3500 testem
1204 3434 1358 3512 afferam,
1385 3434 1421 3500 in

253 3544 296 3612 iis
313 3546 410 3629 locis,
426 3547 484 3614 ubi
500 3547 540 3614 de
556 3548 697 3639 AEgypti
714 3549 928 3638 Orientisque
954 3548 1147 3616 diocesibus
1172 3571 1211 3616 ao
1236 3549 1421 3616 Persarum

253 3662 441 3751 provinciis
457 3664 580 3752 agitur,
599 3665 730 3753 aliquot
745 3665 912 3732 Plinianae
929 3664 1073 3755 originis
1088 3664 1237 3752 vestigia
1252 3668 1420 3733 exstant⁸.

254 3775 424 3846 Praeterea
436 3778 567 3868 aliquid
590 3779 824 3848 similitudinis
839 3801 908 3870 prae
926 3802 961 3847 se
985 3781 1109 3859 lerunt,
1128 3802 1202 3870 quae
1219 3784 1362 3869 uterque
1378 3781 1419 3848 de

286 3980 308 4026 l.
324 3977 399 4038 xxti,
416 3979 438 4038 8,
455 3979 494 4027 29.

283 4058 306 4106 2.
323 4057 447 4107 Deutsete
460 4057 703 4119 Allertumslcunde,
719 4062 742 4108 3.
756 4058 838 4119 Band,
854 4057 903 4107 loc.
920 4059 974 4118 cit,
987 4071 1014 4122 p.
1024 4059 1060 4108 ar
1074 4060 1101 4109 et
1118 4058 1191 4108 suiv.

285 4137 308 4184 3.
326 4137 441 4196 Hermes,
456 4137 507 4187 loc.
522 4140 582 4200 cit,
600 4139 665 4198 XVl,
682 4141 739 4190 607.

281 4218 304 4267 t.
321 4217 468 4277 Sebuffner,
483 4219 637 4269 Ammianus
647 4218 816 4268 Marcellinus
829 4219 857 4267 iu
868 4233 955 4268 rerum
968 4221 1103 4283 posterum
1118 4217 1194 4267 libris
1205 4232 1262 4282 quar
1272 4218 1304 4267 de
1314 4216 1421 4266 sedibus

251 4310 283 4346 ae
302 4297 417 4346 moribus
437 4297 612 4362 complurium
632 4300 749 4363 pertitam
768 4300 912 4361 scripserit,
934 4299 1027 4364 quibus
1049 4299 1128 4350 rebus
1148 4297 1289 4362 differunt¹
1305 4295 1422 4347 eduliis

251 4377 432 4440 scriptoribus,
447 4378 611 4442 quibuscum
625 4381 659 4427 iis
673 4382 830 4443 conpruont,
846 4381 996 4444 exponitur,
1012 4380 1176 4442 Meiningen,
1193 4381 1262 4436 1877,
1278 4393 1304 4442 p.
1324 4381 1351 4428 5.

282 4459 308 4507 5.
330 4458 425 4508 Confer
442 4459 519 4519 Ptin,
535 4461 565 4521 V,
582 4463 625 4520 ll;
642 4460 683 4519 Vl,
700 4461 729 4508 20
745 4462 772 4509 et
788 4461 830 4520 2l;
845 4460 938 4521 Solin,
955 4475 978 4511 e.
996 4461 1038 4509 36:
1055 4461 1164 4524 Dionys.
1182 4458 1295 4522 Perieg.,
1311 4460 1340 4519 V,
1357 4460 1414 4508 753.

283 4539 306 4586 6.
322 4537 359 4587 Gt.
374 4538 451 4599 Ptin,
467 4539 508 4600 Vl,
525 4541 538 4588 5
554 4543 581 4590 et
594 4541 638 4601 153
655 4539 748 4601 Solin,
765 4554 791 4589 c.
811 4542 848 4588 15.

284 4620 309 4668 t.
324 4617 360 4666 Cf.
377 4618 453 4678 Ptin,
469 4619 511 4678 Vl,
525 4620 563 4680 30,
579 4622 623 4682 323
640 4619 735 4678 Solio,
749 4621 787 4669 36.

285 4702 306 4746 8.
325 4698 438 4759 llrrmrs,
456 4700 518 4758 Nl'l,
535 4714 563 4764 p.
584 4703 640 4749 629.
