3360 5446
660 1142 909 1216 CONCLUSIO

113 1638 116 1641 ¹
240 1654 285 1724 Ut
308 1655 464 1746 exposita
487 1665 521 1725 et
546 1655 722 1747 'disputan
745 1660 961 1745 concludam,
982 1683 1051 1728 non
1076 1669 1127 1728 est
1152 1654 1367 1729 infitiandum

199 1770 420 1842 Ammianum
437 1771 472 1838 in
484 1771 539 1838 his
554 1774 801 1862 componendis
817 1774 1088 1865 digressionibus
1107 1797 1184 1867 quae
1199 1775 1242 1844 ad
1258 1787 1370 1843 exter-

199 1908 263 1954 nos
283 1885 429 1977 populos
451 1887 634 1978 pertinent,
652 1890 913 1980 legentibusque
939 1891 1094 1982 requiem
1115 1897 1149 1959 et
1170 1891 1371 1961 diverticula
1435 1871 1449 1961 1
1460 1945 1466 1990 1,
1507 1972 1509 1978 A

200 2025 241 2070 ex
256 2003 361 2091 longo
372 2025 487 2071 rerum
499 2003 646 2074 breviter
657 2006 911 2095 propositarum
922 2016 1120 2078 transcursu
1130 2018 1263 2098 parant,
1279 2030 1370 2076 com·

201 2118 315 2208 plures
339 2127 496 2192 auctores
522 2120 558 2186 in
581 2121 748 2188 auxilium
774 2144 927 2189 vocasse.
950 2123 1068 2213 Neque
1098 2145 1153 2191 me
1176 2123 1274 2212 fugit·
1292 2124 1388 2190 eum

199 2233 345 2324 populos
357 2236 429 2322 jam
444 2244 558 2317 notos,
573 2236 667 2305 velut
678 2238 835 2328 Scythas,
849 2238 1045 2329 AEgyptios,
1061 2239 1172 2321 Seras,
1182 2240 1374 2319 Sarmatas,

200 2349 329 2434 Medos,
342 2351 479 2434 Persas,
492 2352 649 2435 Parthos,
664 2353 792 2436 Gallos,
806 2364 840 2422 et
849 2363 1076 2445 ceterosquos
1088 2376 1289 2422 enumerare
1301 2355 1376 2423 lon·

200 2488 284 2554 gum
306 2466 361 2550 sit,
380 2467 499 2555 quales
515 2476 648 2536 veteres
667 2469 899 2551 ostenderant,
920 2467 1120 2560 plerumque
1136 2450 1373 2559 descripsisse.

244 2582 278 2649 Is
294 2592 423 2668 autem,
441 2583 505 2650 etsi
527 2585 698 2672 permulta
714 2583 887 2675 prioribus
902 2585 1100 2653 auctoribus
1112 2585 1244 2669 tribuit,
1259 2595 1376 2653 tamen

201 2719 271 2766 non
298 2697 507 2788 negligenda
531 2697 638 2766 edidit
668 2699 883 2767 Ammianea.
914 2698 1085 2789 Equidem
1115 2699 1282 2767 0010000
1316 2721 1376 2767 eas

200 2813 307 2881 fuisse
323 2815 399 2904 ejus
422 2813 611 2883 doctrinam
635 2824 668 2882 et
685 2814 877 2883 ubertatem
900 2821 939 2881 ut
953 2814 1032 2881 inde
1048 2815 1151 2904 plena
1173 2824 1206 2882 et
1225 2816 1378 2905 perlecta

202 2930 358 2998 omnium
369 2930 527 3019 gentium
536 2931 659 2999 notitia
669 2931 738 3021 peti
747 2931 867 3021 possit.
881 2930 1018 2999 Etenim
1030 2930 1071 2998 de
1085 2930 1264 2999 Gallorum
1273 2941 1376 3022 atque

200 3045 330 3137 aliquot
344 3046 811 3138 germanorum'populorum
836 3046 1002 3130 moribus,
1019 3045 1201 3135 religione,
1220 3047 1378 3138 discipli-

200 3161 266 3247 nis,
280 3161 446 3230 institutis
461 3185 537 3252 quea
552 3162 727 3230 Ammiani
744 3171 843 3231 aetate
864 3163 1038 3251 vigebant,
1057 3163 1166 3231 multa
1181 3173 1263 3230 sunt
1283 3163 1376 3259 desi7

200 3278 362 3348 deranda.
389 3278 517 3346 Contra
539 3278 575 3345 in
593 3278 646 3355 iis
673 3278 946 3366 digressionibus
971 3302 1047 3368 quae
1072 3278 1115 3345 ad
1143 3277 1231 3347 alias
1255 3289 1377 3368 gentes

200 3415 335 3484 quoque
348 3402 447 3461 notas
459 3403 625 3483 spectant,
634 3393 871 3483 velut‘Persas,
884 3393 1080 3484 AEgyptios‚
1094 3392 1375 3483 Burgundiones,

200 3506 332 3588 Medos,
349 3507 526 3590 Thracios,
545 3508 709 3575 nonnulla
724 3505 875 3597 reperias
891 3528 967 3596 quac
982 3505 1025 3573 ad
1038 3505 1276 3575 Marcellinum
1295 3529 1377 3574 nos-

201 3632 292 3690 trum
308 3645 384 3690 esse
402 3623 583 3691 referenda
592 3623 763 3692 videntur.
775 3621 843 3692 Sed
853 3623 1022 3712 praecipue
1034 3622 1075 3689 de
1090 3623 1236 3713 posteris
1252 3624 1380 3692 meruit

201 3736 293 3826 quod
311 3737 448 3826 populis
469 3738 538 3804 lere
560 3737 690 3826 ignotis
713 3736 772 3828 qui
794 3742 877 3804 tuno
901 3737 1128 3826 vagabantur,
1147 3736 1376 3825 inspiciendis

201 3862 302 3944 atque
328 3852 560 3921 describendis
581 3853 711 3944 primus
737 3851 904 3935 incubuit,
929 3863 963 3918 01
991 3851 1123 3940 aliquot
1149 3874 1204 3919 res
1234 3853 1378 3921 tradidit

203 3989 350 4058 quarum
362 3970 530 4037 memoria
544 3969 688 4037 fortasse
703 3967 873 4058 periisset,
893 3967 961 4034 nisi
976 3988 1033 4033 eas
1051 3967 1309 4057 investigasset.

246 4085 356 4166 Quam
377 4086 413 4153 in
434 4101 513 4154 rem·
528 4084 742 4154 efficiendam
765 4092 894 4152 tantam
914 4082 1057 4150 humani
1078 4083 1184 4149 animi
1203 4085 1376 4174 cognitio-

203 4222 294 4283 nem,
326 4211 460 4270 tantum
490 4222 635 4270 acumen
672 4209 867 4290 tantamque
901 4197 1120 4286 diligentiam
1151 4199 1310 4284 eontulit,
1339 4211 1376 4268 ut

197 4317 352 4408 jucunda
369 4316 534 4386 varietate
550 4317 621 4384 fere
634 4317 744 4408 plenae
754 4317 790 4383 'et
805 4324 932 4383 exactae
944 4335 1063 4381 earum
1077 4313 1247 4402 imagines
1260 4317 1373 4404 expri-

202 4442 339 4501 mantur
356 4456 431 4523 quae
446 4433 482 4500 in
498 4442 647 4502 mentem
664 4432 767 4500 altius
779 4437 968 4522 penetrent.
986 4428 1053 4497 Sed
1067 4428 1179 4517 magis
1196 4451 1301 4519 quam
1316 4430 1374 4497 illa

201 4549 336 4619 novitas
355 4538 389 4618 et
404 4572 519 4617 rerum
537 4549 685 4618 varietas
702 4545 874 4616 laudanda
889 4552 941 4613 est
959 4545 995 4612 in
1010 4545 1063 4612 his
1083 4543 1373 4635 descriptionibus

200 4665 284 4738 fides
300 4688 379 4737 cum
393 4665 476 4735 recti
491 4665 696 4760 honestique
712 4662 826 4734 studio
839 4665 1033 4758 conjuncta.
1049 4658 1252 4731 Ammianus
1262 4661 1367 4750 enim,
1483 4727 1486 4737 ,
