3360 5446
303 2612 400 2681 Hanc
416 2609 658 2703 quaestionem
675 2611 826 2683 omnino
842 2612 988 2707 dignam
1006 2634 1086 2684 esse
1108 2612 1152 2684 ad
1172 2634 1280 2706 quam
1302 2612 1422 2685 studia

252 2741 377 2807 nostra
394 2739 661 2816 convertamus,
680 2736 861 2808 nonnullis
885 2736 1110 2831 argumentis
1127 2758 1246 2832 operae
1265 2737 1420 2831 pretinm

251 2865 302 2932 est
319 2859 571 2955 comprobare.

298 2983 511 3057 Ammianus
532 3007 553 3056 a
571 2984 756 3080 proposito
778 2983 909 3080 saepius
937 2984 1095 3058 dellectit
1120 2993 1158 3056 ut
1183 3007 1254 3056 non
1276 2989 1418 3056 tantum

248 3106 412 3180 locorum
430 3106 671 3205 descriptioni
695 3132 809 3204 quam
836 3109 1113 3206 topographiam
1141 3131 1328 3198 vocamus,
1355 3109 1419 3181 sed

250 3234 410 3323 gentium
438 3256 595 3329 quoque,
615 3233 769 3329 origini,
808 3234 985 3321 moribus,
1016 3233 1190 3305 institutis
1217 3233 1415 3308 incumbat.

251 3359 336 3441 Quae
350 3380 435 3431 vero
457 3357 535 3455 ejus
559 3359 807 3456 digressiones
822 3361 865 3432 ad
885 3368 998 3432 terras
1010 3358 1228 3455 pertineant,
1243 3356 1318 3454 jam
1332 3358 1418 3430 satis

250 3481 388 3554 erudite
415 3487 579 3557 tractatae
607 3483 756 3556 luerunt
779 3507 799 3555 a
826 3482 1010 3556 nonnullis
1034 3481 1256 3554 doctissimis
1276 3482 1358 3553 viris
1375 3505 1419 3554 ex

250 3606 378 3702 quibus
397 3607 575 3680 notissimi
594 3617 675 3680 sunl
692 3608 785 3681 inter
803 3609 1026 3682 recentiores
1052 3608 1359 3681 Gardthausenius
1376 3631 1418 3680 ac

249 3732 546 3816 Mommsenius¹3
568 3757 647 3828 quae
664 3742 788 3806 autem
807 3735 850 3805 ad
870 3710 1219 3829 gentespertineant
1239 3732 1417 3828 neglectae

248 3855 358 3927 luisse
381 3855 472 3927 mihi
487 3857 673 3932 videntur.
1364 3954 1366 3960 Ι

299 3986 538 4080 Quapropter,
557 4010 603 4059 ne
618 3987 715 4060 velut
732 3986 802 4060 tiro
821 3986 917 4059 inter
934 3991 1129 4060 veteranos
1151 3982 1332 4071 incedam,
1352 3982 1416 4054 has

250 4109 476 4183 accuratiore
498 4112 744 4207 disputatione
765 4111 969 4206 indigentes
985 4135 1049 4207 pro
1070 4110 1160 4182 virili
1177 4116 1279 4204 parte
1308 4114 1416 4204 atque

250 4233 442 4328 separatim
460 4258 519 4309 me
536 4241 804 4332 pertracturum
823 4258 902 4307 esse
919 4234 1131 4309 existimavi.

293 4362 490 4447 preterea,
512 4384 570 4433 res
584 4361 675 4457 ipsa,
695 4360 740 4433 ad
760 4361 909 4433 alteram
929 4360 1166 4455 quaestionem
1182 4365 1414 4455 perscrutan-

281 4556 303 4604 l.
319 4554 366 4604 Dic
387 4557 608 4622 peoproplischen
631 4559 739 4620 Ouelleo
758 4559 901 4616 Ammiano,
926 4555 1044 4620 Leipzig,
1071 4558 1145 4611 1873:
1168 4558 1285 4616 Hermes,
1302 4560 1320 4607 t.
1341 4557 1415 4618 xvl;

250 4635 422 4698 christophe,
440 4637 604 4703 Geopropln'e
628 4639 771 4689 d'Ammien
790 4635 940 4698 Marcellin,
957 4637 1039 4700 Lyon,
1065 4639 1139 4698 l8'l93
1160 4638 1325 4700 Desjurdins,
1351 4637 1417 4686 Geo-

249 4716 361 4779 proptie
374 4717 406 4766 de
421 4716 449 4766 lo
463 4717 547 4767 Gaulo
557 4721 684 4780 romaine,
702 4722 722 4769 t.
738 4719 781 4778 Ill,
799 4720 868 4778 1885,
882 4717 961 4776 Puris,
977 4731 1003 4781 p.
1021 4719 1133 4767 lor-477.
