3360 5446
791 1383 938 1491 orror
961 1386 1139 1460 rarnvu

406 1735 507 1805 Quid
521 1738 562 1794 et
579 1738 792 1812 exquibus
809 1745 1041 1805 auotorlhns
1059 1747 1242 1806 hausertt
1262 1726 1505 1807 Ariumtanus.

415 2077 512 2160 Quod
534 2081 682 2170 primum
708 2082 927 2177 inpromptu
953 2098 1005 2156 est
1028 2087 1119 2155 cuivi
1142 2085 1326 2177 inquirenti
1350 2109 1392 2154 ex
1417 2088 1540 2179 quihus

360 2194 521 2265 ¹fontibus
538 2199 840 2291 quidam'seriptor
856 2224 920 2270 sua
933 2202 1098 2285 hauserit,
1119 2201 1216 2270 estin
1235 2203 1309 2291 ejus
1330 2203 1541 2293 opere'inda·

368 2331 450 2401 gare
469 2309 596 2380 indicia
617 2313 823 2403 scriptorum
847 2339 934 2408 quos
956 2315 1223 2406 perlustraverit.
1243 2314 1326 2396 Quae
1349 2316 1438 2405 apud
1459 2317 1541 2384 Am·

368 2424 523 2494 mianum
537 2449 607 2495 non
622 2428 737 2497 minus
753 2452 830 2499 rara
850 2441 942 2518 sunt,
959 2431 994 2499 in
1014 2431 1068 2500 his
1088 2429 1209 2498 saltem
1230 2451 1305 2519 quae
1321 2429 1364 2497 ad
1381 2439 1539 2499 externas

368 2550 488 2628 gentes
508 2551 674 2632 spectant,
704 2565 808 2633 quam
828 2545 919 2636 apud
938 2546 1120 2636 plerosque
1136 2553 1281 2612 veteres.
1306 2541 1369 2610 Hic
1390 2541 1482 2610 enim
1502 2543 1539 2612 in

367 2652 408 2721 iis
428 2664 561 2724 tantum
580 2657 680 2738 loeis,
702 2656 762 2726 uhi
788 2659 843 2727 vel
864 2682 962 2729 suam
981 2658 1210 2729 eruditionem
1230 2667 1414 2742 ostentare,
1431 2658 1485 2727 vel
1500 2659 1537 2726 in

366 2768 544 2860 cujusdam
554 2772 758 2842 auctoritate
771 2773 833 2840 niti
848 2775 936 2860 vult,
950 2796 1010 2844 eos
1022 2774 1206 2864 scriptores
1224 2773 1345 2865 quihus
1365 2796 1450 2842 usus
1465 2783 1530 2857 est,

365 2907 442 2953 mea
450 2887 630 2971 sententia,
647 2888 854 2957 nominatim
866 2891 987 2958 afferre
999 2889 1099 2956 solet.
1113 2889 1252 2957 Ceteros
1262 2898 1377 2956 autern
1391 2889 1532 2971 omittit,

328 3085 329 3088 Ἴ
363 3005 435 3074 sive
451 3029 560 3100 nsque
577 3007 620 3076 ad
631 3007 770 3078 taedium
786 3009 927 3077 nomina
940 3007 1094 3077 dictitare
1109 3006 1208 3090 nolit,
1220 3007 1290 3076 sive
1302 3006 1345 3074 ad
1358 3029 1430 3074 rem
1447 3007 1535 3075 nihil

328 3155 330 3162 1
361 3121 530 3210 pertinere
549 3123 734 3193 existimet.
753 3126 835 3194 Haec
848 3125 968 3215 igitur,
983 3124 1083 3194 nobis
1098 3122 1344 3212 indagantibus
1356 3146 1442 3215 quos
1457 3145 1535 3191 aue·

360 3246 452 3306 tores
470 3249 607 3309 secutus
627 3240 682 3325 sit,
703 3263 773 3309 non
793 3264 855 3332 pro
877 3240 979 3310 certis
995 3239 1130 3309 iudiciis
1148 3239 1305 3309 habenda
1322 3249 1413 3310 sunt.
1428 3239 1530 3322 Nam,

360 3356 389 3424 si
402 3356 439 3424 in
455 3378 514 3425 eos
527 3367 660 3425 tantum
675 3357 901 3449 inspiciamus
916 3380 1002 3449 quos
1013 3355 1218 3425 nominatim
1228 3355 1392 3438 attulerit,
1405 3355 1533 3424 multos

358 3475 444 3543 alios
461 3476 647 3567 scriptores
662 3476 699 3546 in
721 3476 847 3569 quihus
866 3477 980 3545 studia
995 3476 1226 3562 collocaverit,
1243 3475 1404 3566 ignorare
1419 3477 1534 3567 possi·

359 3612 449 3660 mus.

402 3710 456 3778 Ad
475 3710 541 3780 hoo
564 3710 695 3779 accedit
716 3707 899 3801 quoduon
914 3718 966 3776 est
983 3707 1268 3791 obliviscendum,
1291 3708 1528 3794 Ammianum,

355 3833 473 3914 utpote
486 3826 544 3918 qui
558 3825 697 3894 natione
722 3846 858 3913 graecus
874 3832 977 3909 esset,
1002 3834 1105 3914 atque
1125 3823 1248 3912 graecis
1271 3823 1395 3891 litteris
1417 3822 1530 3893 imbu-

357 3947 423 4019 tus,
447 3962 580 4030 graecos
602 3950 759 4009 auctores
782 3961 845 4008 suo
871 3941 908 4006 in
929 3938 1015 4006 lihro
1040 3938 1166 4030 saepins
1193 3939 1401 4008 laudavisse.
1425 3941 1525 4010 Multi

244 4086 246 4091 ·
357 4065 440 4124 sunt
452 4055 477 4124 ii
487 4078 636 4148 quornm
648 4063 883 4124 memorantur
896 4053 1076 4123 sententiae
1085 4054 1143 4123 vel
1158 4054 1248 4123 diota
1261 4075 1271 4123 ε
1286 4056 1526 4145 Anaxagoras,

355 4171 624 4256 Anaximander,
647 4170 886 4260 Bacchylides,
909 4170 1141 4254 Democritus,
1159 4170 1423 4251 Demosthenes,
1442 4172 1526 4264 Epi·

356 4309 471 4367 curus,
489 4286 750 4367 Eratosthenes,
769 4285 929 4375 Gorgias,
946 4287 1140 4370 Hecataeus,
1157 4287 1365 4373 Heraclitus,
1379 4289 1525 4357 Herma·

354 4400 449 4491 pion,
481 4402 690 4488 Herodotus,
724 4404 910 4486 Homerus,
944 4401 1126 4487 Isocrates,
1163 4404 1274 4488 Plato,
1303 4405 1524 4490 Ptolemaeus,

355 4517 562 4604 Simonides,
575 4519 804 4610 Thucydides,
821 4517 1038 4609 Timagenes,
1055 4518 1197 4604 Tisias¹,
1209 4530 1274 4591 etc.
1287 4521 1430 4589 Necnon
1446 4544 1523 4613 quae

388 4689 410 4739 l.
427 4689 502 4755 Hugo
518 4689 640 4751 Michael,
656 4690 693 4739 De
719 4687 853 4737 Ammiani
867 4685 1019 4739 Marcellini
1033 4687 1130 4737 studiis
1150 4687 1337 4751 Ciceronianis,
1349 4689 1525 4753 Vratielavloe‚

357 4769 426 4830 tart,
443 4773 490 4840 :pt
506 4774 518 4821 l
534 4772 562 4821 et
575 4773 599 4820 2.
