3360 5446
735 1152 881 1248 oarur
897 1179 945 1246 m

487 1504 585 1578 Qum
600 1494 807 1566 Ammiano
825 1509 928 1566 fides
947 1508 1002 1567 alt
1014 1507 1210 1569 habenda.

300 1825 483 1915 Superiora
513 1813 751 1892 dissertatione
775 1845 853 1914 qnae
874 1825 1051 1893 Ammiani
1078 1808 1221 1915 ingenio
1246 1828 1432 1898 tribuenda

255 1951 381 2025 essent,
405 1963 481 2032 quae
511 1937 748 2028 desideranda,
778 1939 813 2007 in
841 1941 955 2009 lucem
987 1942 1177 2031 producere
1212 1944 1429 2021 studuimus:

256 2079 358 2141 nuno,
380 2065 418 2125 ut
440 2054 654 2148 propositum
675 2077 800 2123 munus
823 2077 885 2146 pro
904 2056 1037 2126 viribus
1058 2058 1280 2148 impleamus.
1297 2059 1431 2150 aliquid

256 2174 356 2242 nohis
375 2171 572 2241 faciendum
589 2177 766 2262 superest:
791 2182 828 2239 ut
853 2195 928 2264 quas
950 2174 1082 2242 auctori
1097 2174 1181 2243 fides
1200 2175 1357 2244 habenda
1372 2176 1430 2261 sit,

257 2289 503 2382 expendamus.

296 2406 346 2473 Ao
367 2404 518 2495 primum
542 2403 693 2495 quidem,
714 2405 748 2473 id
769 2412 822 2474 est
849 2404 992 2496 dignum
1016 2405 1107 2496 quod
1127 2407 1422 2477 animadvertatur

253 2520 475 2592 Ammianum
494 2540 596 2588 snum
610 2519 766 2589 veritatis
787 2521 1032 2611 patefacienda
1049 2543 1200 2590 amorem
1217 2522 1255 2588 in
1269 2523 1333 2593 hoo
1347 2523 1424 2592 loeo

255 2636 535 2708 commendasse:
551 2662 568 2702 a
583 2658 669 2727 opus
683 2638 878 2723 veritatem,
890 2637 1014 2728 inquit,
1025 2637 1219 2725 professum
1231 2661 1426 2730 nunquam,

195 2801 196 2804 =
256 2762 294 2822 ut
309 2751 593 2837 arbitror,soieus
607 2753 746 2822 silentio
764 2775 869 2821 ausus
885 2775 1102 2843 eorrumpere
1116 2754 1170 2821 vel
1187 2755 1367 2824 mendaeio
1378 2757 1428 2828 »ἦ

300 2871 417 2960 Neque
430 2869 618 2962 quidquam
629 2879 680 2937 ast
691 2891 752 2939 eur
766 2872 841 2960 ejus
851 2870 1089 2938 testimoninm
1103 2872 1140 2938 in¹
1158 2872 1297 2951 dubium
1311 2876 1430 2944 vocari

255 2987 386 3057 debeat.
404 2986 551 3056 Etenim>
562 3007 667 3076 quam
689 2985 835 3075 simplici
851 2996 883 3054 el
903 2986 945 3055 ab
960 2987 1053 3054 omui
1070 2975 1291 3056 simulatione
1311 2990 1424 3059 alieno

253 3104 357 3171 fuerit
376 3101 506 3186 animo,
529 3111 668 3194 apparet
685 3103 720 3170 iu
732 3101 785 3169 his
794 3101 908 3169 verbis
931 3101 990 3170 ubi
1006 3124 1082 3194 quae
1102 3103 1286 3194 ignoravit,
1308 3107 1431 3194 praedi·

255 3243 331 3290 care
346 3242 415 3289 non
432 3218 600 3288 dubitavit
616 3245 633 3282 «
650 3222 819 3311 juxtaque
840 3218 1042 3307 Massagetae
1058 3219 1181 3288 Halani
1204 3230 1237 3287 et
1258 3220 1424 3312 Sargatae,

255 3334 381 3428 aliique
397 3336 514 3426 plures
534 3334 683 3417 obscuri,
698 3356 844 3425 quorum
864 3355 926 3402 neo
942 3333 1112 3403 voeabula
1131 3335 1229 3405 nobis
1250 3347 1330 3405 sunt
1346 3348 1427 3409 noia

254 3475 317 3521 nee
333 3451 467 3521 mores'
484 3478 516 3521 ».

297 3567 352 3636 Ad
374 3568 438 3637 hoe
453 3567 584 3637 aceedit
602 3568 694 3659 quod
708 3568 882 3636 Ammiani
899 3568 984 3636 adeo
998 3567 1135 3636 sineere
1146 3568 1211 3637 fuit
1225 3569 1323 3651 fides,
1334 3580 1373 3638 ui
1388 3594 1424 3640 se

253 3684 322 3753 alia
350 3682 490 3763 vidisse,
507 3683 574 3752 alia
589 3684 748 3774 legisse⁸‚
765 3684 920 3775 legentes
946 3705 1157 3774 praemonere
1181 3685 1341 3779 voluerit.
1357 3687 1424 3755 Ne-

252 3822 318 3892 que
342 3801 431 3868 leeta
453 3809 554 3890 atque
572 3820 615 3866 ex
635 3799 739 3867 variis
760 3798 856 3867 libris
872 3809 1050 3890 assumpta
1072 3799 1115 3866 ad
1134 3801 1282 3869 formam
1306 3824 1425 3891 quam·

252 3917 331 3985 dam
346 3925 378 3984 et
394 3917 544 4006 speeiem
552 3918 626 4007 jam
641 3927 718 3983 ante
736 3927 851 3984 mente
863 3927 1063 4007 eoneeptem
1078 3916 1248 3984 invertere
1264 3927 1297 3985 et
1314 3917 1427 3985 detor-

251 4053 356 4123 quere
380 4032 581 4124 plerumque
602 4032 743 4115 studuit,
762 4033 823 4100 sed
837 4031 954 4123 qualia
977 4033 1068 4122 apud
1087 4032 1221 4122 priores
1238 4032 1423 4124 scriptores

251 4149 393 4239 legerat,
411 4148 493 4216 talia
509 4148 581 4215 suis
598 4147 867 4238 digressionibus
884 4147 1010 4239 saepius
1025 4148 1183 4216 inseruit.
1204 4147 1305 4231 Quod
1317 4149 1426 4217 mnni-

250 4264 376 4335 iestum
393 4273 446 4333 est
461 4263 498 4333 in
514 4262 600 4333 loeis
615 4286 701 4355 qnos
721 4263 757 4331 in
772 4264 924 4332 fontibus
945 4263 1157 4356 inquirendis
1182 4285 1286 4353 supra
1309 4264 1425 4332 attuli-

248 4400 338 4448 mus.
356 4379 487 4468 Cuique
503 4400 584 4448 vero
601 4378 645 4447 ad
659 4388 818 4448 externas
832 4390 953 4468 gentes
968 4378 1211 4449 describendas
1222 4400 1297 4447 sese
1313 4379 1422 4472 appli-

283 4564 306 4617 1.
322 4564 410 4626 XXXI,
425 4563 464 4626 16,
481 4567 504 4615 9.

282 4648 304 4696 2.
322 4645 398 4706 XXII,
414 4646 437 4705 8,
450 4646 478 4707 ³3
493 4645 555 4696 vide
568 4659 677 4710 queque
688 4644 741 4708 XV,
759 4646 783 4708 3,
793 4646 817 4696 6.

284 4727 306 4778 3.
319 4725 396 4788 xxu,
412 4726 436 4790 8,
452 4728 475 4775 1.
