3360 5446
779 513 976 584 hye-

296 670 450 765 pcndebo
479 701 486 747 :
521 679 666 744 alterum
686 676 886 756 Ptolemaeo,
910 687 946 741 ut
966 695 1068 762 supra
1084 673 1183 754 dixe,
1209 673 1356 740 altorum
1377 676 1463 740 Am-

296 790 409 858 miano
421 791 486 881 ipsi
502 814 577 859 esse
596 790 850 858 tribuendum¹.

339 905 504 995 Denique,
523 907 586 974 etsi
607 907 640 973 id
656 906 768 973 minus
782 912 931 996 apparet,
951 913 1146 971 tamennon
1164 902 1387 992 improbabile
1401 912 1456 970 est

293 1023 531 1105 eumlustiuo,
552 1025 649 1112 cujus
670 1021 710 1088 de
735 1029 833 1088 aetate
857 1018 1082 1110 operibusque
1108 1017 1258 1113 quaestio,
1270 1018 1461 1086 admodum

192 1218 193 1226 ἵ
291 1136 455 1226 perplexa
485 1146 552 1217 est,
583 1136 642 1204 sed
672 1134 761 1203 haud
793 1133 892 1203 dubie
927 1133 1048 1224 prioris
1082 1133 1246 1223 temporis
1281 1133 1462 1222 scriptori,

292 1248 438 1338 legendo
470 1273 611 1342 operam
639 1271 793 1318 navasse.
829 1247 989 1316 Conferas
1016 1248 1109 1315 enim
1140 1271 1217 1340 quae
1248 1257 1398 1343 uterque·
1422 1247 1463 1316 de

291 1365 532 1456 AEgyptiorum
546 1367 816 1456 Scytharumque
832 1365 944 1456 prisca
959 1365 1091 1453 origine
1106 1365 1244 1454 scripsit
1265 1387 1272 1432 :

409 1509 513 1589 Just,
532 1509 589 1577 lib.
607 1507 650 1591 ll,
670 1514 700 1574 l.
996 1508 1125 1589 Amm„
1146 1507 1258 1586 XXII,
1278 1508 1331 1586 15,
1349 1509 1381 1574 2.

322 1654 479 1716 Quanquam
492 1653 564 1702 inter
575 1649 821 1714 ScythasetAEryp-
959 1651 1111 1715 AEgyptiam
1135 1653 1245 1715 gentem
1272 1654 1392 1703 omnium
1417 1665 1461 1700 ve-

290 1733 342 1783 tios
366 1733 411 1783 diu
434 1733 571 1783 contentio
592 1734 624 1782 de
647 1731 753 1796 generis
773 1744 820 1778 ve·
914 1726 1116 1789 iustissimam,
1134 1732 1187 1781 nisi
1208 1732 1281 1795 quod
1296 1746 1376 1797 super
1390 1732 1461 1782 anti·

288 1817 387 1878 instate
405 1814 464 1863 luit.
929 1812 1029 1875 quitata
1045 1814 1130 1862 certat
1144 1826 1205 1862 cum
1221 1812 1336 1877 Scythis.

333 1958 432 2041 item,
445 1955 480 2022 ni
497 1955 606 2038 fallor,
625 1954 709 2020 nihil
721 1953 814 2022 aliud
830 1956 899 2044 ogit
911 1955 1232 2045 Ammianusquam
1250 1957 1457 2047 Scytharum

287 2073 307 2141 J
311 2055 504 2140 ustinanam
519 2070 749 2169 amplificasse¹
762 2069 1039 2170 descriptionem.
1060 2071 1224 2140 Conferas
1240 2093 1248 2141 :

1041 2213 1172 2297 Amm.,
1187 2214 1298 2297 XXll,
1315 2218 1348 2287 8.

959 2353 989 2402 lu
1019 2354 1110 2404 medio
1139 2358 1229 2406 autem
1260 2360 1347 2421 spatio
1374 2372 1461 2422 arcus,

929 2431 1001 2496 quod
1010 2435 1122 2498 prolixae
1133 2437 1307 2488 rotunditatis
1320 2453 1380 2489 esse
1392 2453 1462 2504 pra-

427 2217 447 2284 J
453 2214 570 2295 nstin,
587 2213 631 2300 ll,
653 2217 683 2281 2.

319 2355 477 2408 Hominibus
500 2355 571 2406 inter
592 2370 620 2406 se
640 2355 706 2406 nulli
726 2356 817 2405 fines:

286 2451 374 2500 neque
396 2438 468 2486 enim
490 2450 585 2500 agrum
610 2434 746 2497 exercent,
768 2450 819 2486 nec

287 2517 384 2566 domus
407 2517 460 2566 illis
483 2517 544 2578 ulla,
570 2520 616 2567 aut
637 2519 749 2578 tectum,
773 2519 819 2566 aut

287 2595 363 2647 sedes
376 2599 425 2658 est,
440 2599 564 2647 armenta
582 2600 609 2648 et
628 2612 725 2662 pecora
745 2611 818 2647 sem-

195 2712 204 2733 .
289 2691 335 2741 per
362 2677 544 2740 pascentibus,
570 2679 596 2728 et
624 2692 673 2743 per
703 2679 819 2728 incultas

287 2758 443 2808 solitudines
466 2771 553 2808 errare
580 2758 695 2808 solitis...
718 2759 819 2808 Uxores

291 2838 443 2903 liberosque
462 2853 552 2889 secum
576 2839 604 2889 in
624 2840 754 2904 plaustris
773 2853 818 2888 ve-

287 2920 363 2976 hunt.
386 2921 485 2984 quibus
509 2921 588 2970 coriis
610 2921 738 2971 imbrium
762 2921 819 2971 bie·

929 2513 1055 2574 diximus,
1072 2517 1199 2580 quodque
1221 2518 1345 2584 expedito
1364 2521 1463 2570 viatori

929 2591 1023 2643 diebus
1043 2596 1185 2646 coniicitur
1203 2597 1355 2660 quindecim
1377 2601 1462 2650 Euro-

928 2673 979 2735 pai
994 2677 1056 2723 sunt
1075 2675 1171 2725 Halani
1186 2682 1213 2727 et
1227 2679 1380 2731 Costobccae
1394 2693 1461 2744 gen-

928 2754 1023 2817 tesque
1048 2755 1209 2819 Scytharum
1227 2757 1379 2811 innum'eroe
1401 2775 1461 2824 quaa

928 2834 1106 2898 porriguntur
1130 2837 1163 2886 ad
1187 2852 1273 2903 usque
1295 2843 1379 2891 terras
1403 2841 1461 2890 sine

928 2916 1037 2980 cognito
1066 2915 1119 2966 line
1147 2917 1280 2969 distentas
1310 2935 1316 2969 :
1347 2935 1460 2984 quarum

928 3007 992 3058 pars
1013 2995 1108 3059 exigua
1130 2997 1252 3062 frugibus
1274 3001 1377 3051 alitur:
1394 3001 1461 3050 resi-

929 3076 988 3129 duae
1007 3092 1102 3129 omnes
1121 3081 1242 3144 palantes
1264 3098 1313 3148 per
1333 3084 1460 3135 solitudi-

928 3171 974 3206 nes
997 3161 1098 3219 vastas,
1126 3174 1176 3210 nec
1199 3162 1295 3213 stivam
1318 3164 1462 3229 aliquando

928 3251 979 3286 nec
994 3241 1143 3289 sementem
1160 3245 1292 3306 expertas,
1312 3245 1360 3295 sed
1382 3259 1462 3309 squa-

929 3318 1014 3367 lentes
1037 3320 1064 3368 et
1083 3321 1237 3383 pruinosas,
1250 3323 1368 3374 terarum
1386 3329 1463 3376 taetro

928 3398 982 3447 ritu
1002 3406 1150 3450 vescuntur
1166 3417 1172 3451 :
1187 3403 1280 3467 eisque
1295 3405 1419 3456 caritates
1436 3407 1463 3456 et

928 3479 1091 3544 habitacula,
1127 3484 1248 3548 vilesque
1281 3485 1462 3548 supellectiles

927 3560 1058 3622 plaustris
1079 3565 1213 3627 impositas
1236 3567 1299 3615 sunt
1316 3566 1460 3616 corticibus

929 3642 1011 3699 tectis,
1037 3644 1064 3691 et
1089 3657 1150 3692 cum
1170 3646 1312 3707 placuerit,
1329 3647 1387 3696 sine
1410 3647 1460 3696 ob-

929 3721 1031 3772 staculo
1058 3723 1185 3786 migrant,
1214 3723 1307 3774 eadem
1333 3731 1460 3790 carpenta

928 3814 981 3864 quo
993 3801 1111 3863 libuerit,
1127 3802 1329 3854 convolventes.

288 3001 393 3077 m'qsque
417 3015 498 3052 causa
526 3003 608 3062 tectis,
622 3015 671 3065 pro
695 3001 820 3052 domibus

289 3083 413 3132 utuntur.

315 3922 385 4018 Ἐκ
401 3921 464 3989 hac
479 3923 660 3991 collatione
676 3939 817 4016 apparet
836 3930 980 3997 alterum
1002 3953 1078 3999 cum
1101 3933 1220 4011 altero,
1240 3935 1401 4004 siminus
1426 3939 1460 4007 in

291 4034 415 4113 verbis,
432 4046 547 4104 tamen
563 4039 707 4107 multum
723 4041 757 4107 in
778 4043 970 4128 sententiis,
986 4067 1193 4133 congruere.

335 4151 452 4240 Neque
482 4152 753 4222 Gardthausenio
776 4158 945 4226 assentior
973 4160 1032 4250 qui
1061 4165 1248 4252 quemdam
1275 4165 1389 4234 locum
1414 4167 1459 4234 ad

292 4268 484 4332 Amazonas
513 4268 737 4355 pertinentem
759 4293 800 4336 ex
825 4271 1083 4364 Chorographia
1112 4276 1266 4343 Pliniana
1291 4280 1458 4347 haustum

291 4380 547 4470 fuissetputat³3
567 4383 775 4471 probabilius
800 4398 851 4453 est
876 4399 988 4456 autem
1012 4390 1100 4457 hunc
1124 4392 1238 4459 locum
1259 4416 1300 4461 ex
1327 4396 1460 4464 Justiui

321 4544 344 4590 t.
359 4541 424 4591 Vide
439 4542 483 4608 sp..
497 4545 526 4591 27
541 4545 624 4594 nostri
640 4545 738 4609 operis.

319 4624 343 4671 2.
357 4621 453 4673 Confer
466 4625 624 4684 Mommsen,
640 4627 755 4688 Hermes,
770 4641 796 4690 p.
813 4629 867 4677 607.

322 4706 347 4752 3.
363 4705 419 4754 Loc.
436 4706 491 4766 cit,
506 4720 532 4771 p.
549 4708 589 4760 50.
