3360 5446
687 585 723 593 -
764 551 801 610 ll
845 578 898 594 -·

255 708 474 794 Ptolemaeus,
492 710 550 780 lib.
572 711 629 793 VI,
651 716 683 780 7.
884 716 1034 795 amm,
1053 714 1146 798 XIV,
1166 722 1196 798 1,
1218 721 1249 794 1,
1270 719 1300 783 3.

233 851 378 916 Κατὲχουσι
397 850 482 914 δὲτὴν
507 852 643 918 μεσόγαιαν
665 854 734 920 παρὰ
873 855 998 905 Saraceni
1041 860 1186 906 lamen.....
1219 856 1296 920 Apud
1324 858 1371 905 has

206 933 247 997 μὲν
262 932 305 988 τὰς
323 929 421 997 ὀρεινὰς
436 932 480 990 τὰς
497 935 558 995 πρὸς
577 935 685 1002 ἄρκτους
703 935 736 993 ὡς
838 940 942 1000 gentes,
965 951 1079 999 quarum
1102 937 1244 986 exordiens
1260 938 1368 986 initium

206 1017 245 1065 ea
258 1020 306 1063 πᾶν
320 1013 451 1074 Σκηνῖται,
461 1015 505 1074 aad
518 1015 553 1065 ἔτι
567 1015 629 1078 ὑπὲρ
645 1009 737 1075 αὐτοὺς
837 1018 870 1066 ab
887 1017 1003 1080 Assyriis
1018 1017 1051 1066 ad
1067 1017 1117 1066 Nili
1126 1019 1272 1067 cataractas
1287 1018 1371 1080 porri-

208 1095 566 1162 ’Oadiranpeonpdpndrepor
593 1095 618 1146 δὲ
640 1097 734 1148 τούτων
838 1098 939 1161 gilur...

202 1175 407 1237 natantem
976 1198 1235 1297 nautam

839 1333 865 1379 et
881 1323 1000 1380 Scenitas
1014 1328 1123 1390 Arabas,
1140 1344 1209 1393 quos
1224 1331 1371 1381 Saracenos

839 1407 983 1472 posteritas
998 1406 1153 1470 appellavit.

974 1522 1084 1603 XXII,
1105 1527 1158 1602 15,
1177 1527 1210 1591 2.

841 1641 868 1689 et
884 1639 1002 1688 Scenitas
1010 1639 1190 1702 praetenditur
1198 1640 1374 1703 Arabasquos

840 1721 986 1770 Saracenos
1000 1732 1072 1768 nune
1085 1719 1262 1783 appellamus,

254 1856 387 1937 Quibus
405 1856 560 1925 addenda
576 1868 666 1942 sunt,
681 1860 708 1925 si
725 1860 969 1929 Mommsenio¹
986 1861 1088 1929 fidem
1103 1861 1264 1928 adhibere
1275 1861 1374 1944 velis,

207 1972 365 2061 quaedam
402 1972 492 2040 diota
517 1975 754 2042 memorabilia
775 2001 816 2044 ex
838 1979 1018 2045 nominum
1038 1978 1296 2045 enumeratione
1317 1978 1377 2045 de-

210 2098 360 2178 sumpta.
380 2088 478 2156 Talia
494 2100 574 2156 sunt
590 2091 663 2158 haee
679 2092 844 2183 subjecta,
860 2095 917 2160 uhi
934 2093 974 2161 de
993 2093 1162 2161 Soordiois
1178 2093 1290 2180 agitur
1307 2119 1314 2161 ε

249 2257 472 2335 Ptolemaeus,
495 2258 551 2326 lib.
570 2259 616 2342 II,
640 2264 691 2327 15.
917 2266 1047 2345 Amm,
1065 2262 1211 2346 XXVII,
1227 2269 1260 2348 t,
1274 2268 1306 2333 1.
1388 2333 1391 2340 ,

208 2399 744 2468 nuenarianaesaeptione..iliaripooor...
849 2406 931 2468 longe
963 2421 1037 2456 nunc
1060 2408 1093 2456 ab
1117 2406 1212 2458 iisdem
1236 2408 1382 2472 provinciis

211 2485 234 2531 ἐν
256 2480 283 2532 δὲ
304 2491 358 2539 τοῖς
382 2477 544 2541 ἂνατολικοῖς
566 2481 745 2546 ἀρκτικώτατοι
850 2486 989 2551 disparati,

133 2556 138 2564 ¹
211 2561 253 2624 μὲν
284 2562 433 2627 Ἀραύισκοι
464 2565 692 2630 μεσημὸρινώτεροι
720 2564 746 2614 δὲ

209 2641 361 2708 Σκορδίσκοι
416 2704 418 2708 ⁴

249 2814 445 2884 Miillenhoi
467 2814 599 2898 autem,
625 2815 676 2882 vir
696 2813 835 2904 quidem
856 2812 1124 2897 eruditissimus,
1142 2811 1380 2882 Marcellinum

210 2939 363 2997 nostrum
384 2931 559 2998 nonnullis
579 2932 614 2998 in
638 2930 723 2999 loeis
747 2928 995 3020 componendis
1019 2929 1245 2997 Ptolemaeum
1266 2928 1379 3017 ipsum

208 3048 407 3116 tractavisse
425 3049 562 3114 fatetur.
606 3127 611 3138 Ι

252 3163 327 3244 Quo
344 3164 474 3252 judice,
492 3165 583 3232 haud
601 3164 741 3231 dubium
759 3173 809 3230 est
825 3164 907 3252 quin
924 3162 1049 3229 Halani
1062 3189 1077 3222 ι(
1099 3170 1230 3228 veteres
1249 3160 1379 3227 Massa-

209 3288 296 3367 getae
320 3307 336 3341 a
353 3279 482 3361 XXXI,
512 3282 544 3361 2,
565 3282 617 3361 12,
636 3279 758 3372 Halani
776 3277 935 3368 Europaei
954 3276 1066 3359 XXII,
1092 3281 1123 3357 8,
1147 3279 1201 3357 12,
1226 3275 1379 3362 sargus

209 3394 321 3478 XXII,
337 3398 369 3477 8,
389 3397 442 3475 38,
456 3395 650 3474 laxamatae,
669 3394 849 3470 Roxolani,
864 3394 1009 3482 Iazyges
1020 3390 1131 3470 XXII,
1151 3395 1182 3474 8,
1195 3393 1250 3472 31,
1263 3390 1380 3460 Sinchi

210 3517 242 3577 et
258 3511 375 3578 Arichi
393 3511 506 3594 XXII,
525 3513 556 3596 8,
570 3514 626 3595 33,
645 3535 686 3578 ex
699 3512 765 3578 hoe
779 3512 873 3578 fonte
889 3520 1040 3578 manent.
1057 3509 1092 3575 Is
1106 3519 1219 3575 tamen
1236 3530 1304 3575 non
1319 3531 1379 3598 pu-

208 3634 257 3693 tat
266 3626 486 3693 Ammianum
498 3627 616 3694 eadem
629 3627 770 3694 nomina
781 3626 833 3693 bis
844 3637 960 3715 terque
973 3625 1074 3692 allata
1088 3623 1324 3691 tantummodo
1336 3647 1377 3690 ex

209 3740 393 3808 Ptolemaeo
409 3740 641 3831 desumpsisse
656 3752 693 3807 ut
707 3741 784 3808 hoeo
802 3742 905 3810 variis
922 3742 972 3806 sui
997 3742 1074 3808 libri
1093 3741 1178 3807 loeis
1199 3741 1375 3809 insereret.

209 3855 293 3936 Quae
304 3879 364 3922 our
376 3857 501 3922 iterum
514 3855 667 3923 adhibita
679 3856 963 3936 sint,oausaineo
974 3855 1158 3946 quaerenda
1169 3866 1219 3922 est
1237 3856 1379 3944 eaquod

208 3973 332 4037 Noster
348 3971 610 4061 deprompserit,
627 3994 696 4038 non
715 3973 825 4039 solum
841 3993 859 4037 e
877 3971 1065 4038 Ptolemaeo
1088 3971 1176 4060 ipso,
1197 3969 1375 4037 sedetiam

211 4110 252 4153 ex
268 4087 334 4154 alio
351 4086 556 4154 intermedio
573 4096 710 4153 auctore
726 4087 785 4176 qui
803 4087 894 4154 hune
910 4109 1058 4175 graecum
1076 4086 1311 4176 geographum
1325 4085 1376 4152 di-

207 4224 393 4292 versosque
420 4202 603 4292 scriptores
629 4202 894 4291 compilavisset.
926 4201 1065 4269 Accedit
1082 4201 1192 4292 ¹quod,
1217 4223 1327 4290 neque
1356 4223 1375 4268 a

206 4318 409 4402 Ptolemam,
428 4341 537 4407 neque
555 4317 597 4385 ah
615 4318 681 4385 alio
698 4329 835 4385 auctore
852 4330 1166 4386 commemorantur
1182 4318 1231 4384 illi
1247 4317 1373 4385 Sauro·

206 4445 305 4503 matae
324 4457 411 4525 quos
432 4423 637 4501 Ammianus
656 4435 748 4500 iulis
765 4434 863 4501 terris
880 4436 993 4523 posuit
1016 4457 1092 4523 quae
1115 4435 1203 4499 ultra
1230 4434 1371 4500 Tanaim

206 4560 306 4641 atque
329 4573 451 4618 versus
480 4578 497 4613 «
523 4560 714 4617 extremum
737 4572 872 4623 »mare
897 4551 1128 4617 extenduntur
1151 4573 1217 4639 quo
1244 4550 1371 4616 Ilumon

238 4752 263 4799 t.
281 4749 394 4809 Hermes,
410 4749 422 4799 t
452 4747 514 4806 XVI,
530 4760 556 4813 p.
573 4748 616 4795 ott
635 4748 659 4795 el
675 4747 729 4795 611.
