3360 5446
735 543 932 604 „31-

254 703 307 784 lb,
332 704 363 779 l,
386 700 420 766 in
445 699 586 789 AEgypti
606 695 835 786 descriptione
857 721 873 756 a
896 694 973 763 visa
990 693 1155 782 pleraque
1178 699 1360 757 narrantes
1384 712 1421 773 »3

248 816 310 883 XX
319 815 392 895 VII,
410 818 442 898 l,
455 818 487 897 2,
501 814 536 880 in
549 814 602 880 his
614 835 691 903 quae
702 811 742 879 ad
753 809 869 880 Medos
879 814 1033 899 spectant
1045 836 1061 870 a
1076 830 1208 897 nosque
1226 807 1376 877 vidimus
1389 836 1419 878 n.

251 930 341 999 Sane
355 953 391 997 se
408 931 550 997 Hunnos
571 939 604 996 et
619 927 885 1017 Burgundiones
903 924 1077 1014 aspexisse
1091 922 1188 990 nullo
1204 925 1280 990 looo
1297 923 1423 1012 signifi·

251 1047 340 1113 cavit
361 1046 501 1121 Noctem
526 1045 612 1113 alios
631 1055 746 1112 tamen
771 1065 831 1134 per
852 1049 1057 1109 mercatores
1080 1041 1137 1130 qui
1159 1061 1220 1107 eos
1242 1038 1308 1129 ipsi
1328 1039 1421 1107 vide-

250 1165 355 1245 rant¹,
382 1163 467 1230 alios
492 1171 607 1228 autem
633 1183 693 1251 per
719 1161 894 1227 Romanos
915 1156 973 1249 qui
999 1155 1219 1223 Germaniam
1241 1155 1277 1221 in
1297 1154 1423 1222 militia

251 1279 552 1367 perlustraverant,
570 1276 728 1367 cognitos
745 1276 870 1343 habere
886 1272 1010 1363 potuit.

296 1396 444 1463 Tertiam
456 1415 595 1464 causam
612 1390 765 1484 praebent
781 1391 946 1466 nonnulla
966 1389 1007 1456 de
1029 1389 1160 1479 aliquot
1179 1389 1326 1483 populis,
1343 1388 1420 1457 dico

254 1511 296 1579 de
313 1511 504 1593 Saracenis,
522 1510 672 1593 Hunnis,
688 1509 845 1592 Halanis,
861 1508 987 1589 Persia,
1003 1504 1137 1588 tradita,
1150 1526 1227 1596 quae
1243 1504 1353 1593 primo
1366 1525 1420 1572 as-

252 1636 352 1718 pectu
371 1627 419 1695 ita
437 1627 563 1717 scripta
584 1625 745 1695 videntur
759 1635 798 1693 ut
818 1647 887 1692 nou
908 1647 948 1693 eo
968 1620 1071 1689 modo
1092 1620 1193 1688 scribi
1214 1620 1418 1708 potuissent,

252 1745 321 1813 nisi
334 1754 411 1813 ante
427 1746 502 1834 ejus
518 1743 638 1811 oculos
654 1742 802 1809 fuissent
816 1744 938 1831 posita.

297 1861 466 1951 Denique,
480 1859 515 1926 id
526 1859 690 1950 colligere
703 1859 815 1948 possis
827 1882 868 1927 ex
879 1882 918 1927 eo
932 1858 1023 1947 quod
1038 1858 1074 1924 in
1084 1858 1305 1936 Hunnorum,
1318 1854 1420 1923 Hala-

252 2000 386 2061 norum,
401 1977 664 2062 Saracenorum,
677 1978 871 2059 Persarum,
880 1978 1122 2068 AEgyptiorum
1133 1973 1421 2067 descriptionibus

253 2078 611 2183 nonnullos'reperias
636 2094 744 2178 locos,
763 2095 821 2186 qui
849 2117 928 2162 cum
944 2095 1096 2184 priorum
1118 2095 1324 2185 scriptorum
1344 2113 1419 2160 san·

253 2210 369 2278 tentiis
391 2209 521 2278 nullam
548 2211 791 2301 cognationem
815 2221 988 2303 praestant.
1017 2210 1176 2278 Proiecto
1197 2208 1416 2293 Ammianus,

255 2347 331 2416 quae
346 2348 389 2394 ex
398 2326 572 2394 variorum
589 2327 754 2395 librorum
768 2327 916 2395 lectione
934 2325 1107 2393 memoria
1129 2323 1353 2408 inhaerebant,
1376 2346 1420 2391 ne

253 2440 297 2509 ad
318 2463 376 2510 eas
402 2452 523 2531 gentes
545 2442 686 2533 quidem
709 2441 950 2511 describendas
975 2442 1193 2532 pertinentia,
1217 2440 1419 2509 excursibus

252 2558 501 2647 amplificandis
516 2559 670 2629 inseruit.
689 2560 745 2628 Sic
762 2559 803 2626 de
818 2560 954 2626 Hunnis
973 2558 1109 2648 scripsit
1125 2579 1254 2648 eaquae
1273 2557 1314 2624 de
1329 2557 1419 2624 Afri-

252 2675 346 2742 canis
363 2676 452 2766 apud
468 2677 606 2744 Livium
630 2677 791 2766 leg·erat¹‚
809 2685 847 2742 ut
862 2698 905 2742 ex
921 2675 1075 2744 hocloco
1095 2673 1131 2740 id
1146 2673 1338 2763 perspicere
1358 2673 1418 2742 tibi

252 2788 356 2860 licet:
462 2839 464 2842 ψ

313 2990 445 3075 Livius,
463 2990 590 3073 XXIX,
610 2993 642 3074 3,
662 2993 714 3056 t3.
952 2993 1081 3073 dmm,
1099 2988 1227 3071 XXXI,
1244 2993 1276 3072 2,
1303 2993 1354 3055 ll.

285 3114 354 3164 Afris
380 3117 460 3175 gente
488 3115 522 3164 ad
550 3128 659 3165 omnem
688 3127 781 3163 auram
920 3114 1012 3164 Hunni
1026 3115 1059 3164 ad
1071 3128 1179 3164 omnem
1194 3113 1419 3163 auraminciden-

257 3195 315 3258 spei
330 3196 422 3245 mobili
438 3198 518 3260 atque
531 3195 623 3246 infida.
889 3197 922 3245 tis
938 3196 996 3259 spei
1017 3209 1096 3244 novae
1113 3208 1244 3258 perquam
1259 3193 1416 3252 mobiles...

296 3421 383 3490 Item
400 3422 440 3490 de
456 3422 630 3513 AEgyptiis
646 3420 732 3489 dixit
747 3443 823 3514 quoe
840 3422 880 3487 de
894 3421 1019 3491 Siculis
1035 3419 1175 3487 tradidit
1190 3418 1347 3486 Tullius³
1365 3440 1371 3485 :

314 3620 398 3705 cia,
418 3625 558 3704 Brutus,
577 3624 630 3704 12,
648 3622 703 3690 lb.
971 3619 1102 3701 Amm,
1129 3616 1242 3702 XXII,
1256 3617 1287 3701 6,
1305 3621 1335 3687 l.

283 3745 383 3809 (Siculi)
398 3746 471 3809 quod
484 3746 643 3796 essetecuta
658 3746 703 3795 illa
716 3760 784 3810 gens
888 3745 1035 3810 AEgyptii...
1052 3757 1139 3808 genus
1154 3743 1297 3794 hominum
1311 3744 1422 3794 contro-

252 3825 279 3873 et
292 3825 467 3875 controversa
480 3828 608 3875 natura...
888 3840 1032 3877 versum.u

294 4020 472 4110 Ejusmodi
489 4032 569 4089 sunt
585 4045 660 4113 quae
677 4045 754 4090 cum
773 4024 815 4090 A.
834 4023 1000 4091 Gellianis
1017 4023 1238 4112 conspirant⁸
1256 4046 1263 4089 ε

283 4361 305 4408 t.
319 4357 516 4418 Gardthausen,
532 4356 581 4406 loe.
602 4357 657 4417 rit„
679 4369 705 4419 p.
723 4357 746 4404 l.

282 4440 305 4488 2.
335 4439 411 4501 Hugo
426 4438 546 4498 MIchael‚
561 4437 598 4486 De
617 4436 749 4485 Ammiani
768 4436 917 4486 Marcellini
939 4438 1037 4487 studiis
1058 4437 1247 4498 Ct'ceront'ant'a,
1272 4438 1425 4489 dissertatio

251 4519 419 4584 inauguratis
429 4517 598 4582 pbttolopicu,
612 4516 788 4576 Vratislaviae,
810 4515 856 4586 ip..
876 4522 889 4566 t
903 4519 929 4567 et
944 4520 966 4578 5,
984 4520 1073 4579 nota,
1089 4520 1210 4576 bursian,
1222 4518 1425 4576 decrescentem,

253 4599 281 4646 3ο
295 4600 390 4657 annea,
408 4598 521 4658 tart-rt,
537 4612 564 4661 p.
580 4598 626 4645 tet
641 4596 668 4645 et
681 4597 736 4644 ¹195.

284 4680 307 4726 3.
323 4678 421 4728 Confer
435 4677 511 4740 Ilugo
522 4676 642 4735 Michael,
657 4676 774 4733 luerit..
791 4676 836 4744 pi.
854 4680 892 4727 19.

284 4761 308 4808 t.
324 4758 421 4809 Confer
434 4759 594 4818 Mommsen,
609 4756 725 4815 Hermes,
741 4756 830 4817 Xthl,
848 4771 874 4824 p.
891 4758 945 4809 288.
