3360 5446
744 473 943 540 „ggd

296 624 381 706 Quo
395 627 566 695 sententia
588 629 808 699 confirmatur
832 631 874 704 iis
897 629 1071 698 bruttiani
1101 629 1195 704 loeis,
1217 627 1268 694 vel
1292 648 1423 717 praeoe-

252 737 421 816 dentibus,
441 743 491 809 vel
508 745 741 832 sequentibus,
753 744 924 835 inquibus
937 746 977 812 de
990 743 1147 832 ejusdem
1163 742 1278 834 populi
1299 741 1423 808 studiis

251 855 609 949 moribusqueagitur.
626 860 769 928 Constat
786 861 890 938 enim,
910 861 1055 928 Caesaris
1077 870 1110 928 et
1125 858 1273 948 Augusti
1291 867 1427 925 aetatea

252 979 405 1056 veterum
427 972 558 1042 bellicis
578 975 701 1042 studiis
725 976 842 1044 Gallos
862 977 1005 1043 multum
1033 975 1231 1042 descivisse.
1255 974 1426 1041 Praeterea

252 1085 375 1155 Strabo
393 1088 464 1178 ipse
482 1112 545 1165 nos
560 1090 658 1158 docet
672 1090 811 1158 eosdem
820 1101 1000 1182 promptos,
1010 1092 1052 1158 od
1064 1089 1294 1181 pugnandum
1309 1112 1346 1156 se
1368 1111 1426 1155 os-

251 1201 414 1288 tendisse,
435 1203 528 1295 quod
534 1205 731 1295 priscorum
747 1216 939 1295 temporum
957 1207 1072 1297 potius
1091 1204 1308 1272 meminisset
1323 1226 1426 1294 quam

251 1320 491 1404 recentiorum,
508 1321 694 1413 culosque
709 1320 890 1390 Germanis
905 1321 1070 1408 institutis
1088 1321 1219 1388 similes
1235 1330 1425 1409 cognatos-

253 1453 319 1522 que
333 1433 535 1521 babuisset¹.
552 1436 787 1528 Atprobabile
804 1447 856 1505 est
872 1443 993 1528 quarto
1009 1437 1134 1506 saeculo
1154 1436 1276 1504 'Gatttae
1293 1436 1425 1503 incolas

253 1569 276 1616 a·
302 1549 464 1629 Romanis
485 1553 619 1640 jamdiu
642 1552 793 1620 devictos
822 1555 931 1640 magis
952 1553 1165 1620 effeminatos
1191 1551 1297 1620 fuisse
1325 1573 1428 1642 quam

253 1662 1429 1754 Caesar·isaetate.QuibusdecausissuspicorAmmiauumnibilaliud

251 1777 365 1865 egisse
386 1803 488 1868 quam
509 1803 552 1867 ex
570 1803 685 1871 graeco
701 1781 736 1850 in
757 1782 902 1849 latinum
924 1781 1140 1849 transtulisse
1167 1805 1243 1872 quae
1264 1783 1354 1873 apud
1374 1780 1428 1850 Ti-

253 1914 434 1981 megeuem
450 1894 490 1963 de
503 1907 658 1964 veterum
669 1897 851 1966 Germanis
864 1896 1029 1965 similium
1040 1879 1242 1965 ¹fortitudine
1253 1894 1425 1986 legisset'.

298 1997 425 2079 liudem
441 2010 588 2100 ratione,
605 2021 643 2079 ut
658 2012 742 2106 mihi
759 2011 906 2098 videtur,
922 2034 991 2081 nou
1007 2012 1177 2080 dubitavit
1191 2013 1321 2103 Auctor
1340 2031 1430 2077 oom-

256 2146 445 2208 memorare
465 2149 541 2216 quae
567 2127 655 2218 apud
679 2127 830 2197 Tullium
859 2128 901 2196 de
929 2127 1159 2219 propensione
1185 2126 1362 2196 Gallorum
1384 2122 1430 2202 ad

256 2238 535 2331 viuum-legeret.
562 2242 714 2324 Etenim,
740 2222 936 2335 quanquam
964 2243 1192 2332 Desjardiusff,
1214 2240 1267 2308 vir
1292 2239 1430 2332 quidem

257 2355 528 2444 eruditissimus,
557 2359 792 2448 Marcellinum
817 2339 930 2450 ipsum
951 2358 1068 2427 Gallos
1096 2360 1133 2426 in
1157 2358 1270 2426 Gallia
1294 2367 1429 2424 comata

257 2470 370 2538 ebrios
384 2471 510 2541 vidisse
528 2475 751 2563 asseveravit,
767 2486 881 2543 tamen
898 2475 1039 2543 minime
1059 2473 1285 2542 omittendum
1304 2470 1430 2539 esthoe

227 2621 230 2629 ·
256 2583 379 2674 vitium
395 2589 589 2678 complures
605 2590 737 2681 priores
753 2600 921 2670 auctores,
936 2600 970 2658 et
981 2589 1175 2681 Polybium,
1191 2601 1224 2657 et
1239 2587 1430 2656 Diodorum

257 2700 409 2789 Siculum
427 2712 460 2768 ot
471 2702 653 2786 Tulliumt,
666 2705 853 2790 nutavisse,
868 2705 998 2772 nullum
1016 2714 1144 2786 autem,
1160 2709 1328 2794 quantum
1344 2702 1429 2783 scio,

254 2815 438 2884 Ammiano
454 2806 624 2908 aequalern
640 2829 700 2887 aut
715 2819 787 2886 lere
803 2797 972 2908 cedualam
988 2819 1204 2910 scriptorem.

296 2930 378 2999 Noli
403 2924 518 3000 temen
543 2943 663 3024 putare
695 2934 842 3002 aliorum
870 2933 1076 3022 populorum
1103 2933 1218 3001 studia
1247 2946 1432 3023 moresque

253 3046 367 3136 ipsum
383 3047 619 3116 Marcellinum
631 3055 788 3118 nostrum
804 3072 873 3118 nou
884 3049 1291 3140 investigasse.Quorum
1304 3057 1431 3137 utpote

253 3165 313 3255 qui
329 3164 428 3232 miles
443 3174 536 3234 esset
552 3189 618 3260 quo
634 3176 789 3256 tempore
804 3165 970 3233 barbaros
989 3164 1026 3231 iu
1040 3164 1172 3254 imperii
1194 3163 1327 3231 romani
1346 3162 1432 3231 fines

254 3278 395 3364 irruere,
418 3281 555 3348 nobiles
580 3292 732 3351 autema
750 3304 785 3349 re
802 3280 944 3347 militari
971 3280 1145 3349 discedere
1172 3286 1339 3362 consuo,
1362 3303 1433 3348 uon

252 3462 306 3513 gna
318 3452 405 3514 magis
419 3463 499 3514 quum
512 3451 599 3500 torma
616 3464 671 3510 »μ
688 3460 721 3506 ,35
730 3452 874 3503 conamen
895 3463 976 3500 omno
988 3450 1048 3514 plus
1061 3451 1173 3501 terroris
1184 3465 1266 3514 quum
1283 3451 1381 3502 virium
1393 3449 1434 3500 te·

252 3532 318 3580 ruut
329 3549 353 3592 υ,
370 3545 396 3580 v.
409 3533 452 3594 ΙΙς
468 3544 603 3595 «procera
616 3543 729 3594 corpora
745 3530 804 3580 tusa
821 3533 848 3580 et
863 3529 979 3579 candida
993 3543 1107 3594 corpora
1123 3549 1146 3591 »,
1160 3530 1191 3590 ΙΙ,
1202 3531 1225 3592 8,
1238 3533 1277 3580 2¹.

283 3610 380 3670 Cesar,
399 3612 434 3659 De
450 3610 514 3660 Bell.
527 3603 609 3672 Gall,
624 3612 656 3672 ΙΙ,
671 3608 714 3672 ³⁰3
732 3609 810 3660 Diod.
828 3608 936 3670 Sie.,V‚
952 3610 991 3670 28,
1007 3611 1037 3660 32
1052 3613 1150 3674 etseq.

275 3691 307 3738 2.
323 3691 485 3754 Desjurdius.
509 3690 725 3755 decemplicato
745 3691 775 3742 la
793 3690 880 3741 eante
901 3690 1031 3751 minc,
1047 3692 1128 3752 tet&
1144 3694 1164 3742 t.
1179 3691 1212 3752 ΙΙ,
1229 3706 1258 3756 p.
1277 3692 1324 3742 556
1338 3693 1366 3742 ot
1375 3691 1432 3742 551.

278 3772 309 3825 ,2.
325 3771 490 3836 beatudine,
511 3771 561 3822 loo.
576 3776 632 3832 rit,
647 3775 667 3822 t.
682 3771 714 3832 ΙΙ,
728 3772 799 3831 tete,
815 3786 841 3835 p.
857 3773 901 3821 555
918 3773 945 3821 et
959 3772 1004 3820 556
1020 3786 1049 3821 z«
1059 3771 1080 3821 ΙΙ
1092 3772 1176 3821 serait
1188 3770 1308 3836 possible
1325 3769 1434 3835 qu'Am-

254 3852 326 3900 mien
338 3852 483 3913 Marcellin,
499 3854 712 3917 accompagnaut
727 3851 890 3914 l'empereur
903 3850 993 3901 lulien
1008 3865 1056 3900 sur
1073 3850 1103 3901 ‘la
1128 3842 1256 3901 trontiere
1277 3850 1310 3900 de
1330 3849 1356 3900 la
1368 3852 1434 3901 Ger-

253 3932 354 3993 manic,
371 3923 417 3982 dut
430 3933 534 3991 esstote,
547 3931 614 3982 dans
628 3931 745 3997 quelque
772 3942 920 3994 compagae
935 3929 970 3980 do
986 3931 1054 3980 nord
1063 3929 1101 3980 de
1113 3928 1141 3980 la
1153 3931 1248 3991 Gaulo,
1262 3931 1327 3980 buu
1337 3930 1374 3980 de
1388 3943 1434 3981 ces

255 4010 370 4073 pugilats
385 4013 512 4062 temintus
527 4014 574 4077 qut
598 4011 793 4076 temoigueieut
809 4011 833 4060 si
847 4011 1005 4060 haulemeut
1016 4025 1050 4060 eu
1065 4012 1157 4061 taveur
1175 4010 1208 4062 do
1226 4011 1253 4060 la
1267 4012 1382 4074 vigueur
1397 4011 1432 4060 de

255 4103 307 4139 uos
322 4092 432 4153 alentes,
450 4095 518 4144 mais
534 4108 563 4144 ee
580 4108 614 4144 ne
626 4093 738 4158 pouvott
753 4091 810 4141 ttre
824 4090 906 4154 qu'uu
921 4093 995 4141 reste
1009 4089 1055 4140 des
1069 4093 1214 4140 anciennes
1230 4103 1343 4149 moeurs,
1362 4091 1434 4139 rele-

255 4181 337 4242 guees
356 4195 426 4246 pour
440 4183 509 4232 ainsi
531 4183 586 4232 dire
602 4183 668 4232 dans
687 4181 726 4231 les
745 4180 857 4244 regions
872 4179 909 4229 du
923 4178 991 4230 nord
1012 4178 1053 4231 :il
1068 4182 1108 4228 est
1124 4179 1184 4242 plus
1202 4179 1310 4229 nataret
1329 4178 1362 4228 de
1386 4193 1431 4230 re-

256 4264 348 4322 pertor
362 4266 431 4312 cette
452 4263 577 4327 peinture
599 4262 616 4311 b
640 4276 671 4312 se
696 4260 826 4310 veritable
848 4261 962 4324 epoque
979 4274 1013 4310 eu
1044 4262 1196 4325 suppesant
1220 4273 1265 4309 ees
1283 4258 1380 4311 details
1397 4258 1431 4309 de

259 4351 361 4389 moeurs
377 4344 535 4406 empruntts
551 4341 566 4390 rt
581 4342 756 4404 Timagene.»

289 4421 311 4468 3.
328 4420 488 4485 Geoyrapbie
503 4422 536 4470 de
546 4421 576 4477 la
592 4420 676 4471 Gaulo
687 4421 815 4482 romulae,
831 4421 851 4471 t.
874 4420 906 4480 ΙΙ,
922 4421 992 4480 18ῖῦ,
1006 4436 1032 4486 p.
1050 4423 1105 4472 560.

289 4502 312 4547 Ι.
329 4501 435 4563 Polybe,
451 4502 491 4562 ΙΙΙ,
506 4506 533 4563 Ι;
552 4501 637 4561 utet,
663 4501 693 4559 V,
711 4503 754 4562 2o';
773 4503 875 4562 dmm,
890 4500 942 4562 XV,
960 4503 997 4560 12,
1010 4505 1042 4560 Ι;
1059 4503 1187 4563 Albente,
1208 4504 1252 4564 IV,
1268 4503 1306 4551 13.

289 4580 312 4627 5.
327 4580 363 4629 Cf.
381 4582 482 4645 Veget,
497 4584 515 4640 l,
532 4585 556 4642 5,
571 4584 599 4642 “Ι;
613 4581 704 4631 Fustel
719 4582 751 4630 de
765 4581 925 4645 Coulauges,
943 4580 1090 4632 L'ineaeton
1111 4587 1283 4649 ¹ceratumque
1306 4585 1332 4632 et
1348 4581 1375 4630 la
1397 4580 1436 4643 fin

259 4658 292 4708 de
309 4658 441 4724 lumper,
458 4665 527 4724 «891,
538 4678 570 4728 p.
587 4665 633 4712 223
649 4663 677 4710 cl
691 4663 747 4710 224.
