3360 5446
764 487 962 548 &50ss

278 633 361 703 illuc
377 636 583 704 transiturus
598 638 689 729 quod
705 637 843 732 quidam
861 659 920 727 per
935 634 1049 724 ampla
1064 633 1173 733 spatia
1187 632 1284 701 urbis
1300 633 1445 701 subver-

274 770 398 839 sasque
414 750 528 817 silices
545 749 618 817 sine
638 750 781 840 periculi
806 760 898 817 metu
918 757 1183 841 properantes...
1204 755 1237 815 et
1257 757 1310 816 est
1327 748 1441 817 admo-

274 862 355 931 dum
372 864 498 932 mirum
512 864 629 934 videre
647 865 781 955 plebem
798 866 1013 933 innumeram
1029 862 1201 932 mentibus
1219 862 1341 932 ardore
1360 887 1441 959 quo·

273 978 350 1047 darn
367 979 482 1048 infuso
497 1002 576 1049 cum
586 980 844 1049 dimicationum
860 979 1020 1049 curilium
1036 984 1161 1047 eventu
1170 979 1379 1071 pendentem
1389 989 1438 1049 »¹.

270 1094 391 1164 Testes
408 1119 545 1188 quoque
561 1096 613 1163 illi
627 1094 695 1166 loci
711 1096 768 1164 ubi
782 1097 907 1174 multos
921 1100 1096 1164 senatores
1109 1116 1148 1163 ac
1164 1093 1327 1165 senatorii
1336 1117 1440 1184 gene·

269 1211 321 1278 ris
343 1210 491 1280 feminas
514 1213 634 1281 Romae
656 1212 911 1295 veneficiorum,
929 1221 1127 1303 stuprorum
1141 1220 1174 1279 et
1188 1209 1437 1290 adulteriorum

273 1339 453 1398 accusatos
470 1352 545 1396 esse
558 1330 708 1423 posteris
722 1329 868 1397 retulit¹.

315 1431 383 1511 Sed
399 1466 467 1515 non
478 1445 560 1513 satis
572 1444 832 1535 estscriptorem
843 1444 877 1512 in
886 1444 1023 1541 populis
1039 1445 1188 1514 externis
1206 1443 1438 1513 describendis

269 1581 368 1651 aequo
384 1560 499 1630 animo
515 1571 617 1658 atque
631 1583 713 1630 sanc
725 1562 929 1654 integroque
942 1560 1074 1651 judicio
1088 1551 1190 1630 usuin
1206 1583 1299 1645 esse;
1313 1560 1356 1629 ad
1371 1561 1437 1631 hoc

268 1674 299 1743 ei
315 1698 397 1745 cura
412 1676 602 1746 adhibenda
617 1687 668 1746 est
682 1687 720 1746 ut
734 1678 837 1746 fidem
850 1678 942 1768 operi
958 1679 1054 1746 serat.
1072 1677 1149 1760 Qua
1164 1700 1201 1745 re
1217 1676 1310 1745 haud
1335 1677 1435 1747 dubie

266 1814 337 1860 non
351 1791 528 1861 ¹abstinuit
551 1793 768 1863 Ammianus.
787 1794 820 1862 Is
836 1795 939 1880 enim,
958 1817 1063 1886 quum
1089 1793 1174 1862 nihil
1186 1792 1362 1887 antiquius
1377 1793 1435 1873 ba-

265 1907 378 1977 buerit
392 1931 495 2000 quam
508 1932 589 1978 vera
605 1908 730 1995 dicere,
746 1934 816 1979 non
832 1920 965 1978 tantum
990 1909 1034 1979 ad
1055 1911 1182 1979 multos
1198 1919 1357 1978 auctores
1375 1931 1433 1979 no-

265 2023 357 2091 mine
373 2024 509 2115 quidem
527 2047 596 2092 ncn
611 2024 725 2094 addito
738 2036 853 2109 testes,
878 2023 1070 2106 sedetiam,
1091 2034 1247 2116 utsupra
1264 2025 1428 2105 vidimus,

264 2138 308 2207 ad
318 2140 503 2208 nonnullos
515 2140 719 2209 nominatim
733 2141 925 2210 afferendos
938 2163 1056 2211 curam
1067 2140 1223 2209 contulit.
1232 2140 1431 2227 Quodvero,

264 2254 340 2323 aliis
362 2278 422 2347 per
445 2278 531 2348 quos
553 2257 747 2346 profecerat
771 2257 976 2325 nominatim
1002 2256 1128 2342 allatis,
1155 2256 1242 2325 alios
1269 2257 1434 2350 praeteriit

262 2371 438 2462 exquibus
453 2373 623 2464 permulta
636 2373 818 2441 manifesto
832 2371 997 2457 hauserit,
1007 2394 1086 2440 eum
1096 2395 1167 2441 non
1181 2372 1432 2463 reprehenden-

261 2487 344 2556 dum
357 2510 431 2560 esse
446 2498 545 2580 puto.
563 2489 662 2566 Nam,
679 2489 715 2556 ni
731 2489 843 2572 fallor,
861 2511 931 2558 non
942 2489 977 2557 id
993 2488 1210 2558 dissimulare
1225 2488 1348 2572 voluit,
1369 2486 1431 2557 sed

260 2602 415 2675 imitatus
431 2615 482 2673 est
498 2604 588 2698 quod
603 2604 756 2697 plerique
770 2603 1066 2696 prioristemporis
1081 2605 1278 2696 scriptores,
1290 2603 1427 2688 Strabo,

260 2719 393 2806 Livius,
406 2722 556 2802 Tacitus,
573 2731 611 2789 ut
626 2721 713 2789 alios
729 2721 898 2805 omittam,
911 2723 984 2811 jam
1001 2721 1194 2806 effecerant,
1211 2719 1270 2812 qui
1287 2729 1424 2790 tantum

248 2833 296 2931 ⁴iu
310 2840 490 2903 auctorum
505 2835 663 2904 dissensu
679 2835 873 2914 iudicando,
891 2835 948 2903 vel
960 2835 994 2902 in
1011 2834 1294 2905 memorabilibus
1305 2835 1426 2927 singu-

260 2947 459 3042 laribusque
474 2951 576 3021 rebus
591 2946 913 3037 commemorandis,
930 2953 1042 3021 fontes
1063 2952 1318 3021 declaraverunt
1340 2970 1427 3045 quos

259 3060 295 3130 in
310 3063 477 3132 auxilium
497 3066 724 3134 vocavissent.
1132 3081 1133 3086 ’
1262 3139 1264 3142 .

301 3180 406 3273 Atqui
430 3203 474 3249 ne
494 3181 660 3272 praecipiti
674 3180 804 3272 judicio
824 3181 921 3249 fallat
944 3179 1103 3265 lectores,
1126 3180 1277 3249 auctoris
1293 3179 1424 3274 opinio-

256 3317 335 3362 nem
350 3319 420 3364 non
436 3306 563 3366 temere
580 3297 677 3390 sequi
693 3299 794 3368 solet.

299 3411 437 3480 Etenim
465 3412 613 3502 quodam
638 3412 726 3494 loco,
746 3434 814 3479 non
843 3411 944 3478 modo
966 3434 1024 3480 eos
1050 3421 1154 3480 testes
1178 3411 1297 3481 babuit
1316 3412 1422 3504 scrip·

254 3535 347 3596 tores
373 3551 521 3620 quorum
552 3527 675 3597 tradita
702 3528 834 3612 retulit,
861 3529 920 3597 sed
950 3530 1054 3598 etiam
1072 3529 1211 3630 ‘addidit
1241 3554 1277 3599 se
1308 3531 1421 3625 ipsum

255 3640 376 3709 eadem
415 3641 558 3711 vidisse.
584 3643 642 3712 Sic
674 3641 801 3719 XXIII,
830 3643 862 3723 6,
894 3645 937 3712 30
964 3669 980 3706 «
1010 3652 1048 3711 ut
1074 3645 1258 3735 scriptores
1288 3643 1421 3739 antiqui

257 3754 393 3840 docent,
412 3778 544 3849 nosque
563 3756 726 3826 vidimus.
745 3783 763 3821 s>
779 3756 884 3842 Alibi,
902 3767 1054 3847 quorum
1070 3759 1262 3828 incolarum
1286 3781 1421 3827 asseve-

253 3871 424 3939 rationem
437 3873 591 3961 protulit,
605 3894 723 3940 eorum
734 3895 795 3941 suc
808 3871 1002 3943 testimonio
1015 3875 1240 3959 confirmavit,
1259 3875 1343 3944 utin
1353 3875 1419 3945 hoc

253 3984 343 4067 loco,
361 3982 440 4068 XV,
459 3987 491 4069 9,
510 3987 529 4052 6
548 4012 555 4055 :
575 4013 591 4048 u
608 3986 801 4075 Regionum
819 3988 1079 4074 autemincolae,
1101 3989 1227 4083 inquit,
1251 3990 1287 4059 id
1307 3990 1419 4082 magis

253 4100 417 4169 omnibus
434 4112 645 4185 asseverant,
663 4088 753 4194 qu'od
764 4103 868 4171 etiam
883 4126 946 4172 nos
960 4104 1109 4195 legimus
1126 4105 1160 4173 in
1182 4106 1418 4175 monumentis

250 4240 368 4286 eorum
385 4217 535 4286 incisum
554 4247 583 4288 ».
612 4219 763 4288 Subinde
781 4218 918 4310 quidem
936 4221 1116 4311 vulgarem
1134 4218 1262 4291 lamam
1277 4232 1416 4291 secutus

278 4603 301 4649 1.
317 4599 414 4649 Contu
428 4599 495 4659 xlv,
509 4601 532 4660 6,
549 4600 587 4659 10,
601 4600 634 4654 16,
645 4599 671 4647 et
688 4612 744 4661 seq.

274 4682 296 4729 2.
313 4679 423 4738 XXVlll,
446 4681 466 4727 l.
