<?xml version="1.0" encoding="UTF-8"?>
<!DOCTYPE html PUBLIC "-//W3C//DTD XHTML 1.0 Transitional//EN"
    "http://www.w3.org/TR/xhtml1/DTD/xhtml1-transitional.dtd">
<html xmlns="http://www.w3.org/1999/xhtml" xml:lang="en" lang="en">
 <head>
  <title>
</title>
<meta http-equiv="Content-Type" content="text/html;charset=utf-8" />
  <meta name='ocr-system' content='tesseract 3.04.00' />
  <meta name='ocr-capabilities' content='ocr_page ocr_carea ocr_par ocr_line ocrx_word'/>
</head>
<body>
  <div class='ocr_page' id='page_1' title='image "./deammianimarcel00malogoog_0034.png"; bbox 0 0 3360 5446; ppageno 0'>
   <div class='ocr_carea' id='block_1_1' title="bbox 757 508 955 569">
    <p class='ocr_par' dir='ltr' id='par_1_1' title="bbox 757 508 955 569">
     <span class='ocr_line' id='line_1_1' title="bbox 757 508 955 569; baseline -0.01 -15"><span class='ocrx_word' id='word_1_1' title='bbox 757 508 955 569; x_wconf 69' lang='lat'>..13-</span> 
     </span>
    </p>
   </div>
   <div class='ocr_carea' id='block_1_2' title="bbox 264 652 1438 1674">
    <p class='ocr_par' dir='ltr' id='par_1_2' title="bbox 264 652 1438 1674">
     <span class='ocr_line' id='line_1_2' title="bbox 270 652 1437 744; baseline -0.006 -20"><span class='ocrx_word' id='word_1_2' title='bbox 270 655 469 736; x_wconf 85' lang='lat' dir='ltr'>Heniochis,</span> <span class='ocrx_word' id='word_1_3' title='bbox 490 652 698 733; x_wconf 76' lang='lat' dir='ltr'>Atlantibus,</span> <span class='ocrx_word' id='word_1_4' title='bbox 716 653 936 744; x_wconf 82' lang='lat' dir='ltr'>Arimphaeis,</span> <span class='ocrx_word' id='word_1_5' title='bbox 959 654 1100 725; x_wconf 87' lang='lat' dir='ltr'>Seribus</span> <span class='ocrx_word' id='word_1_6' title='bbox 1117 653 1283 744; x_wconf 79' lang='lat' dir='ltr'>scripsil¹.</span> <span class='ocrx_word' id='word_1_7' title='bbox 1304 652 1437 736; x_wconf 87' lang='lat' dir='ltr'>Quibus</span> 
     </span>
     <span class='ocr_line' id='line_1_3' title="bbox 270 765 1438 860; baseline -0.004 -21"><span class='ocrx_word' id='word_1_8' title='bbox 270 772 306 839; x_wconf 90' lang='lat' dir='ltr'>iu</span> <span class='ocrx_word' id='word_1_9' title='bbox 321 768 565 860; x_wconf 81' lang='lat' dir='ltr'>componendis</span> <span class='ocrx_word' id='word_1_10' title='bbox 586 767 657 835; x_wconf 92' lang='lat' dir='ltr'>noli</span> <span class='ocrx_word' id='word_1_11' title='bbox 683 777 796 859; x_wconf 86' lang='lat' dir='ltr'>tamen</span> <span class='ocrx_word' id='word_1_12' title='bbox 812 778 932 858; x_wconf 87' lang='lat' dir='ltr'>putare</span> <span class='ocrx_word' id='word_1_13' title='bbox 949 793 1049 837; x_wconf 92' lang='lat' dir='ltr'>usum</span> <span class='ocrx_word' id='word_1_14' title='bbox 1062 791 1137 836; x_wconf 90' lang='lat' dir='ltr'>esse</span> <span class='ocrx_word' id='word_1_15' title='bbox 1154 768 1266 835; x_wconf 83' lang='lat' dir='ltr'>Plinio</span> <span class='ocrx_word' id='word_1_16' title='bbox 1283 765 1438 835; x_wconf 84' lang='lat' dir='ltr'>Ammia-</span> 
     </span>
     <span class='ocr_line' id='line_1_4' title="bbox 267 883 1437 978; baseline -0.003 -24"><span class='ocrx_word' id='word_1_17' title='bbox 267 899 364 954; x_wconf 77' lang='lat' dir='ltr'>num‘.</span> <span class='ocrx_word' id='word_1_18' title='bbox 378 885 408 952; x_wconf 92' lang='lat' dir='ltr'>N</span> <span class='ocrx_word' id='word_1_19' title='bbox 411 907 466 952; x_wconf 91' lang='lat' dir='ltr'>am</span> <span class='ocrx_word' id='word_1_20' title='bbox 481 885 643 975; x_wconf 92' lang='lat' dir='ltr'>primum,</span> <span class='ocrx_word' id='word_1_21' title='bbox 657 884 685 949; x_wconf 94' lang='lat' dir='ltr'>si</span> <span class='ocrx_word' id='word_1_22' title='bbox 696 884 853 954; x_wconf 86' lang='lat' dir='ltr'>Solinum</span> <span class='ocrx_word' id='word_1_23' title='bbox 870 886 1069 978; x_wconf 85' lang='lat' dir='ltr'>inspexeris,</span> <span class='ocrx_word' id='word_1_24' title='bbox 1084 885 1271 952; x_wconf 92' lang='lat' dir='ltr'>nonnullos</span> <span class='ocrx_word' id='word_1_25' title='bbox 1286 906 1367 951; x_wconf 92' lang='lat' dir='ltr'>sane</span> <span class='ocrx_word' id='word_1_26' title='bbox 1384 883 1437 950; x_wconf 89' lang='lat' dir='ltr'>in-</span> 
     </span>
     <span class='ocr_line' id='line_1_5' title="bbox 266 999 1437 1094; baseline -0.005 -23"><span class='ocrx_word' id='word_1_27' title='bbox 266 1002 402 1071; x_wconf 88' lang='lat' dir='ltr'>veneris</span> <span class='ocrx_word' id='word_1_28' title='bbox 415 1002 510 1068; x_wconf 94' lang='lat' dir='ltr'>locos</span> <span class='ocrx_word' id='word_1_29' title='bbox 522 1000 579 1090; x_wconf 91' lang='lat' dir='ltr'>qui</span> <span class='ocrx_word' id='word_1_30' title='bbox 591 1023 669 1068; x_wconf 89' lang='lat' dir='ltr'>cum</span> <span class='ocrx_word' id='word_1_31' title='bbox 680 1002 893 1071; x_wconf 89' lang='lat' dir='ltr'>Ammianeis</span> <span class='ocrx_word' id='word_1_32' title='bbox 904 1004 1001 1094; x_wconf 82' lang='lat' dir='ltr'><strong>quasi</strong></span> <span class='ocrx_word' id='word_1_33' title='bbox 1012 1002 1150 1070; x_wconf 90' lang='lat' dir='ltr'>vinculo</span> <span class='ocrx_word' id='word_1_34' title='bbox 1162 999 1306 1068; x_wconf 85' lang='lat' dir='ltr'>connexi</span> <span class='ocrx_word' id='word_1_35' title='bbox 1320 999 1437 1067; x_wconf 87' lang='lat' dir='ltr'>viden·</span> 
     </span>
     <span class='ocr_line' id='line_1_6' title="bbox 267 1101 1436 1201; baseline -0.004 -15"><span class='ocrx_word' id='word_1_36' title='bbox 267 1128 352 1186; x_wconf 86' lang='lat' dir='ltr'>iur¹.</span> <span class='ocrx_word' id='word_1_37' title='bbox 371 1116 593 1199; x_wconf 83' lang='lat' dir='ltr'>Quinetiam,</span> <span class='ocrx_word' id='word_1_38' title='bbox 614 1101 649 1183; x_wconf 89' lang='lat' dir='ltr'>ut</span> <span class='ocrx_word' id='word_1_39' title='bbox 669 1130 785 1185; x_wconf 91' lang='lat' dir='ltr'>censet</span> <span class='ocrx_word' id='word_1_40' title='bbox 800 1119 1061 1201; x_wconf 89' lang='lat' dir='ltr'>Mommsenius,</span> <span class='ocrx_word' id='word_1_41' title='bbox 1085 1116 1305 1186; x_wconf 79' lang='lat' dir='ltr'>Marcellinus</span> <span class='ocrx_word' id='word_1_42' title='bbox 1319 1124 1436 1183; x_wconf 81' lang='lat' dir='ltr'>noster</span> 
     </span>
     <span class='ocr_line' id='line_1_7' title="bbox 266 1231 1435 1327; baseline -0.006 -23"><span class='ocrx_word' id='word_1_43' title='bbox 266 1233 374 1305; x_wconf 89' lang='lat' dir='ltr'>Solini</span> <span class='ocrx_word' id='word_1_44' title='bbox 391 1232 543 1300; x_wconf 85' lang='lat' dir='ltr'>imitator</span> <span class='ocrx_word' id='word_1_45' title='bbox 557 1232 734 1300; x_wconf 82' lang='lat' dir='ltr'>habendus</span> <span class='ocrx_word' id='word_1_46' title='bbox 749 1246 813 1315; x_wconf 87' lang='lat' dir='ltr'>est,</span> <span class='ocrx_word' id='word_1_47' title='bbox 829 1246 946 1326; x_wconf 89' lang='lat' dir='ltr'>utpote</span> <span class='ocrx_word' id='word_1_48' title='bbox 959 1235 1016 1327; x_wconf 92' lang='lat' dir='ltr'>qui</span> <span class='ocrx_word' id='word_1_49' title='bbox 1033 1256 1111 1301; x_wconf 92' lang='lat' dir='ltr'>eum</span> <span class='ocrx_word' id='word_1_50' title='bbox 1127 1242 1264 1300; x_wconf 85' lang='lat' dir='ltr'>secutus</span> <span class='ocrx_word' id='word_1_51' title='bbox 1275 1231 1320 1298; x_wconf 85' lang='lat' dir='ltr'>sit</span> <span class='ocrx_word' id='word_1_52' title='bbox 1333 1231 1368 1298; x_wconf 94' lang='lat' dir='ltr'>iu</span> <span class='ocrx_word' id='word_1_53' title='bbox 1381 1231 1435 1298; x_wconf 93' lang='lat' dir='ltr'>his</span> 
     </span>
     <span class='ocr_line' id='line_1_8' title="bbox 264 1347 1434 1442; baseline -0.003 -23"><span class='ocrx_word' id='word_1_54' title='bbox 264 1350 348 1440; x_wconf 89' lang='lat' dir='ltr'>locis</span> <span class='ocrx_word' id='word_1_55' title='bbox 358 1348 416 1417; x_wconf 93' lang='lat' dir='ltr'>ubi</span> <span class='ocrx_word' id='word_1_56' title='bbox 429 1347 563 1417; x_wconf 91' lang='lat' dir='ltr'>Plinius</span> <span class='ocrx_word' id='word_1_57' title='bbox 574 1348 717 1416; x_wconf 85' lang='lat' dir='ltr'>nonfuit</span> <span class='ocrx_word' id='word_1_58' title='bbox 732 1350 915 1435; x_wconf 89' lang='lat' dir='ltr'>adhibitus,</span> <span class='ocrx_word' id='word_1_59' title='bbox 929 1348 1245 1433; x_wconf 85' lang='lat' dir='ltr'>necnonSolinana,</span> <span class='ocrx_word' id='word_1_60' title='bbox 1259 1348 1434 1442; x_wconf 82' lang='lat' dir='ltr'>quaeapud</span> 
     </span>
     <span class='ocr_line' id='line_1_9' title="bbox 266 1463 1432 1558; baseline -0.003 -23"><span class='ocrx_word' id='word_1_61' title='bbox 266 1465 417 1535; x_wconf 90' lang='lat' dir='ltr'>Plinium</span> <span class='ocrx_word' id='word_1_62' title='bbox 441 1463 589 1532; x_wconf 87' lang='lat' dir='ltr'>inveniri</span> <span class='ocrx_word' id='word_1_63' title='bbox 613 1477 800 1555; x_wconf 88' lang='lat' dir='ltr'>nequeunt,</span> <span class='ocrx_word' id='word_1_64' title='bbox 832 1467 1121 1558; x_wconf 84' lang='lat' dir='ltr'>transcripserit¹.</span> <span class='ocrx_word' id='word_1_65' title='bbox 1152 1465 1315 1535; x_wconf 85' lang='lat' dir='ltr'>Conferas</span> <span class='ocrx_word' id='word_1_66' title='bbox 1340 1464 1432 1531; x_wconf 81' lang='lat' dir='ltr'>enlm</span> 
     </span>
     <span class='ocr_line' id='line_1_10' title="bbox 264 1581 1222 1674; baseline -0.004 -23"><span class='ocrx_word' id='word_1_67' title='bbox 264 1604 339 1674; x_wconf 83' lang='lat' dir='ltr'>quae</span> <span class='ocrx_word' id='word_1_68' title='bbox 354 1581 390 1649; x_wconf 92' lang='lat' dir='ltr'>hi</span> <span class='ocrx_word' id='word_1_69' title='bbox 399 1591 469 1648; x_wconf 86' lang='lat' dir='ltr'>tres</span> <span class='ocrx_word' id='word_1_70' title='bbox 480 1589 637 1646; x_wconf 90' lang='lat' dir='ltr'>auctores</span> <span class='ocrx_word' id='word_1_71' title='bbox 648 1581 839 1650; x_wconf 87' lang='lat' dir='ltr'>retulerunt</span> <span class='ocrx_word' id='word_1_72' title='bbox 850 1582 890 1650; x_wconf 88' lang='lat' dir='ltr'>de</span> <span class='ocrx_word' id='word_1_73' title='bbox 906 1581 1097 1674; x_wconf 88' lang='lat' dir='ltr'>bovisApis</span> <span class='ocrx_word' id='word_1_74' title='bbox 1109 1581 1222 1650; x_wconf 83' lang='lat' dir='ltr'>cultu:</span> 
     </span>
    </p>
   </div>
   <div class='ocr_carea' id='block_1_3' title="bbox 261 1749 1431 1837">
    <p class='ocr_par' dir='ltr' id='par_1_3' title="bbox 261 1749 1431 1837">
     <span class='ocr_line' id='line_1_11' title="bbox 261 1749 1431 1837; baseline 0 -19"><span class='ocrx_word' id='word_1_75' title='bbox 261 1749 364 1828; x_wconf 87' lang='lat' dir='ltr'>Plin.‚</span> <span class='ocrx_word' id='word_1_76' title='bbox 408 1749 495 1817; x_wconf 81' lang='lat' dir='ltr'>Hist.</span> <span class='ocrx_word' id='word_1_77' title='bbox 543 1759 630 1826; x_wconf 73' lang='lat' dir='ltr'>not,</span> <span class='ocrx_word' id='word_1_78' title='bbox 664 1752 1030 1837; x_wconf 80' lang='lat' dir='ltr'>Ammian.,XX11,it,</span> <span class='ocrx_word' id='word_1_79' title='bbox 1064 1751 1262 1834; x_wconf 77' lang='lat' dir='ltr'>Solin.‚32„</span> <span class='ocrx_word' id='word_1_80' title='bbox 1292 1751 1431 1833; x_wconf 57' lang='lat' dir='ltr'>lihed.</span> 
     </span>
    </p>
   </div>
   <div class='ocr_carea' id='block_1_4' title="bbox 286 1855 1407 2054">
    <p class='ocr_par' dir='ltr' id='par_1_4' title="bbox 286 1855 1407 2054">
     <span class='ocr_line' id='line_1_12' title="bbox 286 1855 1407 1944; baseline 0 -18"><span class='ocrx_word' id='word_1_81' title='bbox 286 1857 381 1941; x_wconf 87' lang='lat' dir='ltr'>VIII,</span> <span class='ocrx_word' id='word_1_82' title='bbox 405 1860 460 1939; x_wconf 78' lang='lat'>71,</span> <span class='ocrx_word' id='word_1_83' title='bbox 491 1856 544 1924; x_wconf 90' lang='lat' dir='ltr'>ed.</span> <span class='ocrx_word' id='word_1_84' title='bbox 569 1855 632 1922; x_wconf 91' lang='lat' dir='ltr'>Le·</span> <span class='ocrx_word' id='word_1_85' title='bbox 687 1860 724 1942; x_wconf 82' lang='lat' dir='ltr'>i,</span> <span class='ocrx_word' id='word_1_86' title='bbox 756 1860 810 1929; x_wconf 91' lang='lat' dir='ltr'>ed.</span> <span class='ocrx_word' id='word_1_87' title='bbox 841 1859 1033 1928; x_wconf 87' lang='lat' dir='ltr'>Gardthau-</span> <span class='ocrx_word' id='word_1_88' title='bbox 1087 1859 1290 1944; x_wconf 78' lang='lat' dir='ltr'>Mommsen,</span> <span class='ocrx_word' id='word_1_89' title='bbox 1311 1861 1407 1928; x_wconf 80' lang='lat'><strong>1895.</strong></span> 
     </span>
     <span class='ocr_line' id='line_1_13' title="bbox 290 1986 759 2054; baseline 0.002 -23"><span class='ocrx_word' id='word_1_90' title='bbox 290 1986 409 2054; x_wconf 84' lang='lat' dir='ltr'>marre.</span> <span class='ocrx_word' id='word_1_91' title='bbox 687 1989 759 2033; x_wconf 91' lang='lat' dir='ltr'>sen.</span> 
     </span>
    </p>
   </div>
   <div class='ocr_carea' id='block_1_5' title="bbox 243 2106 1432 3469">
    <p class='ocr_par' dir='ltr' id='par_1_5' title="bbox 243 2106 1432 3469">
     <span class='ocr_line' id='line_1_14' title="bbox 290 2106 1431 2175; baseline 0.003 -18"><span class='ocrx_word' id='word_1_92' title='bbox 290 2106 636 2171; x_wconf 77' lang='lat' dir='ltr'>sosinAEgyptoetiamnu-</span> <span class='ocrx_word' id='word_1_93' title='bbox 695 2110 742 2159; x_wconf 90' lang='lat' dir='ltr'>Est</span> <span class='ocrx_word' id='word_1_94' title='bbox 758 2111 831 2159; x_wconf 90' lang='lat' dir='ltr'>euim</span> <span class='ocrx_word' id='word_1_95' title='bbox 845 2112 911 2174; x_wconf 76' lang='lat' dir='ltr'>Apis</span> <span class='ocrx_word' id='word_1_96' title='bbox 933 2112 976 2161; x_wconf 85' lang='lat' dir='ltr'>hos</span> <span class='ocrx_word' id='word_1_97' title='bbox 995 2110 1034 2161; x_wconf 91' lang='lat' dir='ltr'>di-</span> <span class='ocrx_word' id='word_1_98' title='bbox 1095 2111 1431 2175; x_wconf 79' lang='lat' dir='ltr'>InteromniaquoeAEgyp-</span> 
     </span>
     <span class='ocr_line' id='line_1_15' title="bbox 259 2188 1432 2256; baseline 0.003 -20"><span class='ocrx_word' id='word_1_99' title='bbox 259 2188 636 2248; x_wconf 74' lang='lat' dir='ltr'>minurieeeofiturhpimvo-</span> <span class='ocrx_word' id='word_1_100' title='bbox 665 2189 752 2239; x_wconf 87' lang='lat' dir='ltr'>versis</span> <span class='ocrx_word' id='word_1_101' title='bbox 768 2191 926 2254; x_wconf 80' lang='lat' dir='ltr'>genitalium</span> <span class='ocrx_word' id='word_1_102' title='bbox 941 2191 1034 2254; x_wconf 86' lang='lat' dir='ltr'>figuris</span> <span class='ocrx_word' id='word_1_103' title='bbox 1064 2194 1108 2242; x_wconf 91' lang='lat' dir='ltr'>tus</span> <span class='ocrx_word' id='word_1_104' title='bbox 1122 2193 1205 2242; x_wconf 82' lang='lat' dir='ltr'>habet</span> <span class='ocrx_word' id='word_1_105' title='bbox 1229 2191 1309 2256; x_wconf 84' lang='lat' dir='ltr'>digua</span> <span class='ocrx_word' id='word_1_106' title='bbox 1330 2205 1432 2241; x_wconf 86' lang='lat' dir='ltr'>memo-</span> 
     </span>
     <span class='ocr_line' id='line_1_16' title="bbox 260 2270 1432 2336; baseline -0.002 -14"><span class='ocrx_word' id='word_1_107' title='bbox 260 2274 329 2322; x_wconf 86' lang='lat' dir='ltr'>cant.</span> <span class='ocrx_word' id='word_1_108' title='bbox 339 2273 444 2336; x_wconf 73' lang='lat' dir='ltr'>lusique</span> <span class='ocrx_word' id='word_1_109' title='bbox 456 2272 489 2331; x_wconf 85' lang='lat' dir='ltr'>ei,</span> <span class='ocrx_word' id='word_1_110' title='bbox 503 2272 531 2321; x_wconf 90' lang='lat' dir='ltr'>in</span> <span class='ocrx_word' id='word_1_111' title='bbox 540 2270 634 2320; x_wconf 76' lang='lat' dir='ltr'>dextro</span> <span class='ocrx_word' id='word_1_112' title='bbox 665 2283 825 2334; x_wconf 79' lang='lat' dir='ltr'>expressus,</span> <span class='ocrx_word' id='word_1_113' title='bbox 863 2272 1032 2336; x_wconf 85' lang='lat' dir='ltr'>maximeque</span> <span class='ocrx_word' id='word_1_114' title='bbox 1062 2276 1121 2323; x_wconf 88' lang='lat' dir='ltr'>ratu</span> <span class='ocrx_word' id='word_1_115' title='bbox 1132 2274 1268 2336; x_wconf 80' lang='lat' dir='ltr'>praecipue</span> <span class='ocrx_word' id='word_1_116' title='bbox 1279 2272 1366 2322; x_wconf 84' lang='lat' dir='ltr'>hovem</span> <span class='ocrx_word' id='word_1_117' title='bbox 1382 2272 1432 2320; x_wconf 90' lang='lat' dir='ltr'>mi-</span> 
     </span>
     <span class='ocr_line' id='line_1_17' title="bbox 243 2350 1431 2411; baseline -0.001 -9"><span class='ocrx_word' id='word_1_118' title='bbox 243 2351 342 2402; x_wconf 86' lang='lat' dir='ltr'>·lotere</span> <span class='ocrx_word' id='word_1_119' title='bbox 357 2352 499 2402; x_wconf 88' lang='lat' dir='ltr'>candicans</span> <span class='ocrx_word' id='word_1_120' title='bbox 519 2350 632 2411; x_wconf 88' lang='lat' dir='ltr'>macula,</span> <span class='ocrx_word' id='word_1_121' title='bbox 663 2352 1030 2402; x_wconf 82' lang='lat' dir='ltr'>omniumcomiculuntislu-</span> <span class='ocrx_word' id='word_1_122' title='bbox 1063 2357 1165 2403; x_wconf 88' lang='lat' dir='ltr'>rantur.</span> <span class='ocrx_word' id='word_1_123' title='bbox 1190 2355 1266 2403; x_wconf 89' lang='lat' dir='ltr'>Hunc</span> <span class='ocrx_word' id='word_1_124' title='bbox 1289 2354 1322 2402; x_wconf 84' lang='lat' dir='ltr'>ud</span> <span class='ocrx_word' id='word_1_125' title='bbox 1346 2353 1431 2402; x_wconf 85' lang='lat' dir='ltr'>instar</span> 
     </span>
     <span class='ocr_line' id='line_1_18' title="bbox 258 2432 1430 2496; baseline -0.002 -14"><span class='ocrx_word' id='word_1_126' title='bbox 258 2432 634 2484; x_wconf 77' lang='lat' dir='ltr'>cornibustunaecrescerein-</span> <span class='ocrx_word' id='word_1_127' title='bbox 662 2446 702 2480; x_wconf 81' lang='lat' dir='ltr'>nee</span> <span class='ocrx_word' id='word_1_128' title='bbox 724 2434 812 2496; x_wconf 87' lang='lat' dir='ltr'>specie</span> <span class='ocrx_word' id='word_1_129' title='bbox 834 2433 917 2483; x_wconf 83' lang='lat' dir='ltr'>lutere</span> <span class='ocrx_word' id='word_1_130' title='bbox 937 2433 1031 2482; x_wconf 82' lang='lat' dir='ltr'>deatro</span> <span class='ocrx_word' id='word_1_131' title='bbox 1062 2436 1153 2484; x_wconf 88' lang='lat' dir='ltr'>colunt</span> <span class='ocrx_word' id='word_1_132' title='bbox 1171 2435 1286 2483; x_wconf 83' lang='lat' dir='ltr'>numinis</span> <span class='ocrx_word' id='word_1_133' title='bbox 1303 2433 1430 2496; x_wconf 81' lang='lat' dir='ltr'>insipnem</span> 
     </span>
     <span class='ocr_line' id='line_1_19' title="bbox 259 2513 1430 2580; baseline 0 -18"><span class='ocrx_word' id='word_1_134' title='bbox 259 2514 496 2580; x_wconf 88' lang='lat' dir='ltr'>cipieutis.Nodus</span> <span class='ocrx_word' id='word_1_135' title='bbox 516 2513 565 2563; x_wconf 90' lang='lat' dir='ltr'>sub</span> <span class='ocrx_word' id='word_1_136' title='bbox 582 2513 630 2562; x_wconf 89' lang='lat' dir='ltr'>lin·</span> <span class='ocrx_word' id='word_1_137' title='bbox 661 2514 780 2577; x_wconf 73' lang='lat' dir='ltr'>matyris,</span> <span class='ocrx_word' id='word_1_138' title='bbox 805 2513 852 2577; x_wconf 92' lang='lat' dir='ltr'>qui</span> <span class='ocrx_word' id='word_1_139' title='bbox 880 2527 940 2563; x_wconf 89' lang='lat' dir='ltr'>cum</span> <span class='ocrx_word' id='word_1_140' title='bbox 970 2517 1032 2578; x_wconf 82' lang='lat' dir='ltr'>post</span> <span class='ocrx_word' id='word_1_141' title='bbox 1059 2515 1126 2565; x_wconf 82' lang='lat' dir='ltr'>albae</span> <span class='ocrx_word' id='word_1_142' title='bbox 1152 2518 1224 2564; x_wconf 76' lang='lat' dir='ltr'>notre</span> <span class='ocrx_word' id='word_1_143' title='bbox 1254 2514 1356 2563; x_wconf 89' lang='lat' dir='ltr'>macula</span> <span class='ocrx_word' id='word_1_144' title='bbox 1370 2527 1430 2576; x_wconf 82' lang='lat' dir='ltr'>quae</span> 
     </span>
     <span class='ocr_line' id='line_1_20' title="bbox 258 2594 1431 2659; baseline -0.002 -15"><span class='ocrx_word' id='word_1_145' title='bbox 258 2608 310 2659; x_wconf 81' lang='lat' dir='ltr'>gua</span> <span class='ocrx_word' id='word_1_146' title='bbox 322 2608 404 2659; x_wconf 90' lang='lat' dir='ltr'>quem</span> <span class='ocrx_word' id='word_1_147' title='bbox 417 2594 631 2656; x_wconf 87' lang='lat' dir='ltr'>cantharumap-</span> <span class='ocrx_word' id='word_1_148' title='bbox 660 2594 767 2643; x_wconf 87' lang='lat' dir='ltr'>vivendi</span> <span class='ocrx_word' id='word_1_149' title='bbox 789 2596 905 2657; x_wconf 82' lang='lat' dir='ltr'>spatium</span> <span class='ocrx_word' id='word_1_150' title='bbox 924 2596 1031 2658; x_wconf 81' lang='lat' dir='ltr'>praesti-</span> <span class='ocrx_word' id='word_1_151' title='bbox 1059 2597 1165 2645; x_wconf 80' lang='lat' dir='ltr'>dextero</span> <span class='ocrx_word' id='word_1_152' title='bbox 1187 2595 1268 2644; x_wconf 83' lang='lat' dir='ltr'>lateri</span> <span class='ocrx_word' id='word_1_153' title='bbox 1283 2596 1341 2656; x_wconf 79' lang='lat' dir='ltr'>eius</span> <span class='ocrx_word' id='word_1_154' title='bbox 1355 2594 1431 2656; x_wconf 86' lang='lat' dir='ltr'>inge-</span> 
     </span>
     <span class='ocr_line' id='line_1_21' title="bbox 258 2660 1427 2740; baseline -0.002 -15"><span class='ocrx_word' id='word_1_155' title='bbox 258 2676 368 2740; x_wconf 85' lang='lat' dir='ltr'>pellant.</span> <span class='ocrx_word' id='word_1_156' title='bbox 386 2660 629 2724; x_wconf 77' lang='lat' dir='ltr'>Nouiasesteuni</span> <span class='ocrx_word' id='word_1_157' title='bbox 661 2676 748 2723; x_wconf 87' lang='lat' dir='ltr'>tutum</span> <span class='ocrx_word' id='word_1_158' title='bbox 772 2689 850 2723; x_wconf 80' lang='lat' dir='ltr'>sacro</span> <span class='ocrx_word' id='word_1_159' title='bbox 881 2676 954 2732; x_wconf 74' lang='lat' dir='ltr'>fonte</span> <span class='ocrx_word' id='word_1_160' title='bbox 982 2677 1029 2725; x_wconf 87' lang='lat' dir='ltr'>im·</span> <span class='ocrx_word' id='word_1_161' title='bbox 1062 2679 1118 2726; x_wconf 86' lang='lat' dir='ltr'>uita</span> <span class='ocrx_word' id='word_1_162' title='bbox 1139 2676 1332 2726; x_wconf 79' lang='lat' dir='ltr'>corniculantis</span> <span class='ocrx_word' id='word_1_163' title='bbox 1358 2673 1427 2724; x_wconf 80' lang='lat' dir='ltr'>lunae</span> 
     </span>
     <span class='ocr_line' id='line_1_22' title="bbox 260 2754 1425 2807; baseline -0.003 -1"><span class='ocrx_word' id='word_1_164' title='bbox 260 2761 347 2806; x_wconf 85' lang='lat' dir='ltr'>certos</span> <span class='ocrx_word' id='word_1_165' title='bbox 358 2756 420 2805; x_wconf 77' lang='lat' dir='ltr'>vitre</span> <span class='ocrx_word' id='word_1_166' title='bbox 435 2754 562 2805; x_wconf 85' lang='lat' dir='ltr'>excedere</span> <span class='ocrx_word' id='word_1_167' title='bbox 582 2769 624 2804; x_wconf 82' lang='lat' dir='ltr'>uu·</span> <span class='ocrx_word' id='word_1_168' title='bbox 661 2770 762 2805; x_wconf 85' lang='lat' dir='ltr'>mersus</span> <span class='ocrx_word' id='word_1_169' title='bbox 777 2758 856 2806; x_wconf 87' lang='lat' dir='ltr'>evita</span> <span class='ocrx_word' id='word_1_170' title='bbox 870 2757 968 2807; x_wconf 86' lang='lat' dir='ltr'>abierit</span> <span class='ocrx_word' id='word_1_171' title='bbox 980 2772 1030 2807; x_wconf 90' lang='lat' dir='ltr'>nec</span> <span class='ocrx_word' id='word_1_172' title='bbox 1058 2757 1141 2807; x_wconf 82' lang='lat' dir='ltr'>refert</span> <span class='ocrx_word' id='word_1_173' title='bbox 1161 2757 1267 2806; x_wconf 75' lang='lat' dir='ltr'>faciem.</span> <span class='ocrx_word' id='word_1_174' title='bbox 1290 2757 1425 2806; x_wconf 83' lang='lat' dir='ltr'>Siututum</span> 
     </span>
     <span class='ocr_line' id='line_1_23' title="bbox 258 2834 1426 2900; baseline -0.003 -14"><span class='ocrx_word' id='word_1_175' title='bbox 258 2850 316 2896; x_wconf 92' lang='lat' dir='ltr'>nos,</span> <span class='ocrx_word' id='word_1_176' title='bbox 340 2849 513 2898; x_wconf 89' lang='lat' dir='ltr'>mersumque</span> <span class='ocrx_word' id='word_1_177' title='bbox 541 2835 569 2883; x_wconf 93' lang='lat' dir='ltr'>in</span> <span class='ocrx_word' id='word_1_178' title='bbox 590 2849 628 2883; x_wconf 91' lang='lat' dir='ltr'>sa·</span> <span class='ocrx_word' id='word_1_179' title='bbox 659 2838 817 2888; x_wconf 89' lang='lat' dir='ltr'>enimultra</span> <span class='ocrx_word' id='word_1_180' title='bbox 837 2852 898 2888; x_wconf 92' lang='lat' dir='ltr'>eum</span> <span class='ocrx_word' id='word_1_181' title='bbox 926 2837 1030 2888; x_wconf 78' lang='lat' dir='ltr'>trahere</span> <span class='ocrx_word' id='word_1_182' title='bbox 1058 2838 1111 2886; x_wconf 80' lang='lat' dir='ltr'>aeri</span> <span class='ocrx_word' id='word_1_183' title='bbox 1131 2839 1248 2900; x_wconf 84' lang='lat' dir='ltr'>spatium</span> <span class='ocrx_word' id='word_1_184' title='bbox 1271 2839 1320 2898; x_wconf 89' lang='lat' dir='ltr'>est,</span> <span class='ocrx_word' id='word_1_185' title='bbox 1343 2834 1426 2899; x_wconf 91' lang='lat' dir='ltr'>quod,</span> 
     </span>
     <span class='ocr_line' id='line_1_24' title="bbox 257 2916 1426 2983; baseline -0.003 -16"><span class='ocrx_word' id='word_1_186' title='bbox 257 2919 394 2969; x_wconf 90' lang='lat' dir='ltr'>cerdotum</span> <span class='ocrx_word' id='word_1_187' title='bbox 414 2917 487 2980; x_wconf 76' lang='lat' dir='ltr'>fonte</span> <span class='ocrx_word' id='word_1_188' title='bbox 505 2922 627 2976; x_wconf 86' lang='lat' dir='ltr'>enecant,</span> <span class='ocrx_word' id='word_1_189' title='bbox 658 2917 718 2967; x_wconf 87' lang='lat' dir='ltr'>h&#39;cet</span> <span class='ocrx_word' id='word_1_190' title='bbox 743 2921 959 2983; x_wconf 81' lang='lat' dir='ltr'>aetatemquam</span> <span class='ocrx_word' id='word_1_191' title='bbox 987 2934 1027 2969; x_wconf 82' lang='lat' dir='ltr'>se·</span> <span class='ocrx_word' id='word_1_192' title='bbox 1059 2916 1426 2982; x_wconf 71' lang='lat' dir='ltr'>utediuit,prciundosucr‚i</span> 
     </span>
     <span class='ocr_line' id='line_1_25' title="bbox 259 2999 1424 3064; baseline -0.003 -16"><span class='ocrx_word' id='word_1_193' title='bbox 259 2999 397 3062; x_wconf 78' lang='lat' dir='ltr'>quaesituri</span> <span class='ocrx_word' id='word_1_194' title='bbox 428 2999 501 3049; x_wconf 87' lang='lat' dir='ltr'>luctu</span> <span class='ocrx_word' id='word_1_195' title='bbox 528 2999 626 3058; x_wconf 83' lang='lat' dir='ltr'>ulium,</span> <span class='ocrx_word' id='word_1_196' title='bbox 655 3002 727 3047; x_wconf 85' lang='lat' dir='ltr'>arcta</span> <span class='ocrx_word' id='word_1_197' title='bbox 737 2999 866 3048; x_wconf 90' lang='lat' dir='ltr'>librorum</span> <span class='ocrx_word' id='word_1_198' title='bbox 877 3001 1027 3062; x_wconf 83' lang='lat' dir='ltr'>praescrtht</span> <span class='ocrx_word' id='word_1_199' title='bbox 1055 3001 1138 3064; x_wconf 78' lang='lat' dir='ltr'>fontis</span> <span class='ocrx_word' id='word_1_200' title='bbox 1150 3000 1284 3048; x_wconf 83' lang='lat' dir='ltr'>immersus</span> <span class='ocrx_word' id='word_1_201' title='bbox 1303 3000 1424 3056; x_wconf 83' lang='lat' dir='ltr'>necatur,</span> 
     </span>
     <span class='ocr_line' id='line_1_26' title="bbox 257 3078 1425 3144; baseline -0.003 -15"><span class='ocrx_word' id='word_1_202' title='bbox 257 3080 626 3143; x_wconf 78' lang='lat' dir='ltr'>quemsubstituanttetdo-</span> <span class='ocrx_word' id='word_1_203' title='bbox 655 3079 800 3128; x_wconf 86' lang='lat' dir='ltr'>auctoritas</span> <span class='ocrx_word' id='word_1_204' title='bbox 842 3083 1024 3144; x_wconf 64' lang='lat' dir='ltr'>mysticorum</span> <span class='ocrx_word' id='word_1_205' title='bbox 1058 3095 1091 3130; x_wconf 92' lang='lat' dir='ltr'>ne</span> <span class='ocrx_word' id='word_1_206' title='bbox 1107 3081 1179 3130; x_wconf 90' lang='lat' dir='ltr'>diem</span> <span class='ocrx_word' id='word_1_207' title='bbox 1205 3080 1311 3143; x_wconf 86' lang='lat' dir='ltr'>longius</span> <span class='ocrx_word' id='word_1_208' title='bbox 1336 3078 1425 3126; x_wconf 80' lang='lat' dir='ltr'>trahat</span> 
     </span>
     <span class='ocr_line' id='line_1_27' title="bbox 257 3158 1424 3226; baseline -0.003 -17"><span class='ocrx_word' id='word_1_209' title='bbox 257 3174 307 3210; x_wconf 88' lang='lat' dir='ltr'>nec</span> <span class='ocrx_word' id='word_1_210' title='bbox 321 3161 485 3222; x_wconf 88' lang='lat' dir='ltr'>invenerint,</span> <span class='ocrx_word' id='word_1_211' title='bbox 500 3165 624 3223; x_wconf 83' lang='lat' dir='ltr'>moerent,</span> <span class='ocrx_word' id='word_1_212' title='bbox 654 3161 764 3208; x_wconf 83' lang='lat' dir='ltr'>necatur</span> <span class='ocrx_word' id='word_1_213' title='bbox 799 3160 925 3225; x_wconf 84' lang='lat' dir='ltr'>choragio</span> <span class='ocrx_word' id='word_1_214' title='bbox 967 3167 1024 3226; x_wconf 86' lang='lat' dir='ltr'>pari</span> <span class='ocrx_word' id='word_1_215' title='bbox 1054 3175 1135 3226; x_wconf 85' lang='lat' dir='ltr'>quam</span> <span class='ocrx_word' id='word_1_216' title='bbox 1157 3160 1253 3210; x_wconf 85' lang='lat' dir='ltr'>licebit.</span> <span class='ocrx_word' id='word_1_217' title='bbox 1269 3161 1330 3210; x_wconf 85' lang='lat' dir='ltr'>Mox</span> <span class='ocrx_word' id='word_1_218' title='bbox 1347 3158 1424 3216; x_wconf 88' lang='lat' dir='ltr'>alter,</span> 
     </span>
     <span class='ocr_line' id='line_1_28' title="bbox 255 3237 1424 3307; baseline 0 -21"><span class='ocrx_word' id='word_1_219' title='bbox 255 3239 358 3290; x_wconf 82' lang='lat' dir='ltr'>derasis</span> <span class='ocrx_word' id='word_1_220' title='bbox 375 3242 456 3291; x_wconf 80' lang='lat' dir='ltr'>etiam</span> <span class='ocrx_word' id='word_1_221' title='bbox 470 3241 623 3307; x_wconf 80' lang='lat' dir='ltr'>capitibus:</span> <span class='ocrx_word' id='word_1_222' title='bbox 654 3237 699 3287; x_wconf 84' lang='lat' dir='ltr'>bos</span> <span class='ocrx_word' id='word_1_223' title='bbox 723 3240 831 3301; x_wconf 74' lang='lat' dir='ltr'>femina,</span> <span class='ocrx_word' id='word_1_224' title='bbox 854 3256 915 3305; x_wconf 78' lang='lat' dir='ltr'>quse</span> <span class='ocrx_word' id='word_1_225' title='bbox 939 3244 963 3292; x_wconf 90' lang='lat' dir='ltr'>ei</span> <span class='ocrx_word' id='word_1_226' title='bbox 984 3245 1023 3291; x_wconf 83' lang='lat' dir='ltr'>in·</span> <span class='ocrx_word' id='word_1_227' title='bbox 1053 3255 1103 3291; x_wconf 87' lang='lat' dir='ltr'>nec</span> <span class='ocrx_word' id='word_1_228' title='bbox 1134 3241 1191 3291; x_wconf 91' lang='lat' dir='ltr'>siue</span> <span class='ocrx_word' id='word_1_229' title='bbox 1217 3240 1321 3304; x_wconf 84' lang='lat' dir='ltr'>publico</span> <span class='ocrx_word' id='word_1_230' title='bbox 1350 3239 1424 3287; x_wconf 85' lang='lat' dir='ltr'>tuctu</span> 
     </span>
     <span class='ocr_line' id='line_1_29' title="bbox 255 3322 1424 3386; baseline -0.003 -16"><span class='ocrx_word' id='word_1_231' title='bbox 255 3334 305 3370; x_wconf 91' lang='lat' dir='ltr'>nec</span> <span class='ocrx_word' id='word_1_232' title='bbox 325 3322 416 3371; x_wconf 86' lang='lat' dir='ltr'>tamen</span> <span class='ocrx_word' id='word_1_233' title='bbox 441 3336 558 3386; x_wconf 88' lang='lat' dir='ltr'>unquam</span> <span class='ocrx_word' id='word_1_234' title='bbox 579 3323 624 3372; x_wconf 91' lang='lat' dir='ltr'>diu</span> <span class='ocrx_word' id='word_1_235' title='bbox 654 3324 730 3369; x_wconf 81' lang='lat' dir='ltr'>vento</span> <span class='ocrx_word' id='word_1_236' title='bbox 759 3335 820 3371; x_wconf 86' lang='lat' dir='ltr'>cum</span> <span class='ocrx_word' id='word_1_237' title='bbox 843 3324 914 3372; x_wconf 84' lang='lat' dir='ltr'>notis</span> <span class='ocrx_word' id='word_1_238' title='bbox 945 3325 1024 3373; x_wconf 88' lang='lat' dir='ltr'>certis</span> <span class='ocrx_word' id='word_1_239' title='bbox 1053 3322 1209 3386; x_wconf 81' lang='lat' dir='ltr'>requiritur,</span> <span class='ocrx_word' id='word_1_240' title='bbox 1233 3335 1313 3385; x_wconf 88' lang='lat' dir='ltr'>quem</span> <span class='ocrx_word' id='word_1_241' title='bbox 1334 3334 1424 3383; x_wconf 85' lang='lat' dir='ltr'>reper-</span> 
     </span>
     <span class='ocr_line' id='line_1_30' title="bbox 257 3400 1423 3469; baseline -0.001 -19"><span class='ocrx_word' id='word_1_242' title='bbox 257 3401 622 3464; x_wconf 57' lang='lat' dir='ltr'>quaeriturdnventusdedu</span> <span class='ocrx_word' id='word_1_243' title='bbox 654 3400 775 3463; x_wconf 79' lang='lat' dir='ltr'>offertur,</span> <span class='ocrx_word' id='word_1_244' title='bbox 805 3417 858 3466; x_wconf 93' lang='lat' dir='ltr'>quo</span> <span class='ocrx_word' id='word_1_245' title='bbox 882 3410 1023 3469; x_wconf 85' lang='lat' dir='ltr'>perempto</span> <span class='ocrx_word' id='word_1_246' title='bbox 1054 3407 1109 3451; x_wconf 86' lang='lat' dir='ltr'>tum</span> <span class='ocrx_word' id='word_1_247' title='bbox 1150 3407 1252 3452; x_wconf 83' lang='lat' dir='ltr'>centum</span> <span class='ocrx_word' id='word_1_248' title='bbox 1290 3400 1423 3449; x_wconf 74' lang='lat' dir='ltr'>antistites</span> 
     </span>
    </p>
   </div>
   <div class='ocr_carea' id='block_1_6' title="bbox 167 3482 1422 3550">
    <p class='ocr_par' dir='ltr' id='par_1_6' title="bbox 167 3482 1422 3550">
     <span class='ocr_line' id='line_1_31' title="bbox 167 3482 1422 3550; baseline 0.001 -19"><span class='ocrx_word' id='word_1_249' title='bbox 167 3507 172 3516; x_wconf 93' lang='lat'><strong>·</strong></span> <span class='ocrx_word' id='word_1_250' title='bbox 255 3483 622 3546; x_wconf 83' lang='lat' dir='ltr'>citurhlemphimusucerdo·</span> <span class='ocrx_word' id='word_1_251' title='bbox 652 3483 720 3533; x_wconf 86' lang='lat' dir='ltr'>alter</span> <span class='ocrx_word' id='word_1_252' title='bbox 741 3498 800 3531; x_wconf 84' lang='lat' dir='ltr'>cum</span> <span class='ocrx_word' id='word_1_253' title='bbox 817 3482 926 3548; x_wconf 79' lang='lat' dir='ltr'>pathice</span> <span class='ocrx_word' id='word_1_254' title='bbox 950 3498 1023 3548; x_wconf 75' lang='lat' dir='ltr'>quae·</span> <span class='ocrx_word' id='word_1_255' title='bbox 1054 3485 1194 3548; x_wconf 80' lang='lat' dir='ltr'>Memphim</span> <span class='ocrx_word' id='word_1_256' title='bbox 1210 3487 1422 3550; x_wconf 89' lang='lat' dir='ltr'>prosequuntur,</span> 
     </span>
    </p>
   </div>
   <div class='ocr_carea' id='block_1_7' title="bbox 249 3562 1423 4438">
    <p class='ocr_par' dir='ltr' id='par_1_7' title="bbox 249 3562 1423 4438">
     <span class='ocr_line' id='line_1_32' title="bbox 256 3562 1423 3630; baseline 0 -18"><span class='ocrx_word' id='word_1_257' title='bbox 256 3562 332 3612; x_wconf 83' lang='lat' dir='ltr'>tibus.</span> <span class='ocrx_word' id='word_1_258' title='bbox 344 3563 460 3614; x_wconf 86' lang='lat' dir='ltr'>Delubra</span> <span class='ocrx_word' id='word_1_259' title='bbox 471 3566 495 3614; x_wconf 89' lang='lat' dir='ltr'>ei</span> <span class='ocrx_word' id='word_1_260' title='bbox 505 3567 622 3630; x_wconf 80' lang='lat' dir='ltr'>gemina,</span> <span class='ocrx_word' id='word_1_261' title='bbox 652 3565 721 3613; x_wconf 87' lang='lat' dir='ltr'>ritur</span> <span class='ocrx_word' id='word_1_262' title='bbox 743 3563 826 3624; x_wconf 84' lang='lat' dir='ltr'>tuctu,</span> <span class='ocrx_word' id='word_1_263' title='bbox 846 3569 872 3614; x_wconf 89' lang='lat' dir='ltr'>et</span> <span class='ocrx_word' id='word_1_264' title='bbox 893 3565 915 3613; x_wconf 89' lang='lat' dir='ltr'>si</span> <span class='ocrx_word' id='word_1_265' title='bbox 937 3566 1023 3615; x_wconf 89' lang='lat' dir='ltr'>omni·</span> <span class='ocrx_word' id='word_1_266' title='bbox 1053 3568 1082 3614; x_wconf 85' lang='lat' dir='ltr'>ui</span> <span class='ocrx_word' id='word_1_267' title='bbox 1095 3567 1205 3629; x_wconf 82' lang='lat' dir='ltr'>incipiat</span> <span class='ocrx_word' id='word_1_268' title='bbox 1224 3566 1261 3615; x_wconf 83' lang='lat' dir='ltr'>ihi</span> <span class='ocrx_word' id='word_1_269' title='bbox 1274 3566 1358 3615; x_wconf 82' lang='lat' dir='ltr'>sacris</span> <span class='ocrx_word' id='word_1_270' title='bbox 1372 3566 1423 3612; x_wconf 91' lang='lat' dir='ltr'>ini-</span> 
     </span>
     <span class='ocr_line' id='line_1_33' title="bbox 258 3644 1423 3708; baseline 0.002 -16"><span class='ocrx_word' id='word_1_271' title='bbox 258 3656 317 3706; x_wconf 82' lang='lat' dir='ltr'>quae</span> <span class='ocrx_word' id='word_1_272' title='bbox 327 3644 568 3708; x_wconf 84' lang='lat' dir='ltr'>vocantthulomos,</span> <span class='ocrx_word' id='word_1_273' title='bbox 577 3661 622 3696; x_wconf 90' lang='lat' dir='ltr'>au·</span> <span class='ocrx_word' id='word_1_274' title='bbox 651 3644 702 3693; x_wconf 90' lang='lat' dir='ltr'>bus</span> <span class='ocrx_word' id='word_1_275' title='bbox 718 3645 802 3707; x_wconf 82' lang='lat' dir='ltr'>signis</span> <span class='ocrx_word' id='word_1_276' title='bbox 819 3649 1023 3695; x_wconf 85' lang='lat' dir='ltr'>consummatus</span> <span class='ocrx_word' id='word_1_277' title='bbox 1052 3647 1133 3697; x_wconf 82' lang='lat' dir='ltr'>iiatus</span> <span class='ocrx_word' id='word_1_278' title='bbox 1144 3661 1219 3697; x_wconf 83' lang='lat' dir='ltr'>sacer</span> <span class='ocrx_word' id='word_1_279' title='bbox 1229 3647 1296 3696; x_wconf 87' lang='lat' dir='ltr'>fieri.</span> <span class='ocrx_word' id='word_1_280' title='bbox 1306 3645 1423 3695; x_wconf 87' lang='lat' dir='ltr'>Delubra</span> 
     </span>
     <span class='ocr_line' id='line_1_34' title="bbox 253 3723 1420 3790; baseline 0.003 -17"><span class='ocrx_word' id='word_1_281' title='bbox 253 3726 331 3787; x_wconf 80' lang='lat' dir='ltr'>guria</span> <span class='ocrx_word' id='word_1_282' title='bbox 358 3723 530 3788; x_wconf 87' lang='lat' dir='ltr'>populorum.</span> <span class='ocrx_word' id='word_1_283' title='bbox 550 3726 622 3777; x_wconf 78' lang='lat' dir='ltr'>Alte·</span> <span class='ocrx_word' id='word_1_284' title='bbox 651 3724 763 3786; x_wconf 88' lang='lat' dir='ltr'>reperiri</span> <span class='ocrx_word' id='word_1_285' title='bbox 776 3726 902 3788; x_wconf 89' lang='lat' dir='ltr'>potuerit,</span> <span class='ocrx_word' id='word_1_286' title='bbox 915 3725 1023 3775; x_wconf 85' lang='lat' dir='ltr'>ducitur</span> <span class='ocrx_word' id='word_1_287' title='bbox 1053 3727 1420 3790; x_wconf 84' lang='lat' dir='ltr'>quihussuaceditauiiucu-</span> 
     </span>
     <span class='ocr_line' id='line_1_35' title="bbox 252 3803 1421 3870; baseline 0.004 -17"><span class='ocrx_word' id='word_1_288' title='bbox 252 3817 313 3854; x_wconf 91' lang='lat' dir='ltr'>rum</span> <span class='ocrx_word' id='word_1_289' title='bbox 328 3803 446 3854; x_wconf 85' lang='lat' dir='ltr'>intrasse</span> <span class='ocrx_word' id='word_1_290' title='bbox 466 3805 620 3869; x_wconf 80' lang='lat' dir='ltr'>latumest,</span> <span class='ocrx_word' id='word_1_291' title='bbox 651 3806 799 3869; x_wconf 77' lang='lat' dir='ltr'>Memphim,</span> <span class='ocrx_word' id='word_1_292' title='bbox 836 3807 930 3856; x_wconf 87' lang='lat' dir='ltr'>urbem</span> <span class='ocrx_word' id='word_1_293' title='bbox 967 3807 1019 3856; x_wconf 87' lang='lat' dir='ltr'>fre·</span> <span class='ocrx_word' id='word_1_294' title='bbox 1051 3807 1095 3856; x_wconf 87' lang='lat' dir='ltr'>bat</span> <span class='ocrx_word' id='word_1_295' title='bbox 1106 3810 1213 3870; x_wconf 79' lang='lat' dir='ltr'>mystice</span> <span class='ocrx_word' id='word_1_296' title='bbox 1227 3809 1356 3858; x_wconf 86' lang='lat' dir='ltr'>thalamos</span> <span class='ocrx_word' id='word_1_297' title='bbox 1373 3822 1421 3858; x_wconf 90' lang='lat' dir='ltr'>no-</span> 
     </span>
     <span class='ocr_line' id='line_1_36' title="bbox 252 3882 1420 3952; baseline 0.005 -21"><span class='ocrx_word' id='word_1_298' title='bbox 252 3882 280 3933; x_wconf 91' lang='lat' dir='ltr'>iu</span> <span class='ocrx_word' id='word_1_299' title='bbox 300 3886 384 3935; x_wconf 85' lang='lat' dir='ltr'>altero</span> <span class='ocrx_word' id='word_1_300' title='bbox 400 3884 458 3934; x_wconf 87' lang='lat' dir='ltr'>dira</span> <span class='ocrx_word' id='word_1_301' title='bbox 475 3890 619 3952; x_wconf 83' lang='lat' dir='ltr'>portendit.</span> <span class='ocrx_word' id='word_1_302' title='bbox 650 3891 787 3952; x_wconf 85' lang='lat' dir='ltr'>queuiem,</span> <span class='ocrx_word' id='word_1_303' title='bbox 821 3887 1020 3951; x_wconf 70' lang='lat' dir='ltr'>presentiaque</span> <span class='ocrx_word' id='word_1_304' title='bbox 1050 3888 1420 3939; x_wconf 74' lang='lat' dir='ltr'>minantliatominamaui-</span> 
     </span>
     <span class='ocr_line' id='line_1_37' title="bbox 252 3963 1420 4032; baseline 0.005 -20"><span class='ocrx_word' id='word_1_305' title='bbox 252 3963 392 4030; x_wconf 84' lang='lat' dir='ltr'>Responsa</span> <span class='ocrx_word' id='word_1_306' title='bbox 414 3969 498 4032; x_wconf 86' lang='lat' dir='ltr'>privis</span> <span class='ocrx_word' id='word_1_307' title='bbox 522 3969 577 4031; x_wconf 84' lang='lat' dir='ltr'>dat,</span> <span class='ocrx_word' id='word_1_308' title='bbox 605 3985 619 4020; x_wconf 90' lang='lat' dir='ltr'>e</span> <span class='ocrx_word' id='word_1_309' title='bbox 650 3970 766 4018; x_wconf 81' lang='lat' dir='ltr'>numinis</span> <span class='ocrx_word' id='word_1_310' title='bbox 795 3969 938 4032; x_wconf 86' lang='lat' dir='ltr'>AEsculapii</span> <span class='ocrx_word' id='word_1_311' title='bbox 966 3969 1018 4018; x_wconf 88' lang='lat' dir='ltr'>cla·</span> <span class='ocrx_word' id='word_1_312' title='bbox 1049 3968 1420 4019; x_wconf 81' lang='lat' dir='ltr'>testantiadeiuturis:illud</span> 
     </span>
     <span class='ocr_line' id='line_1_38' title="bbox 252 4049 1418 4113; baseline 0.004 -19"><span class='ocrx_word' id='word_1_313' title='bbox 252 4057 334 4095; x_wconf 90' lang='lat' dir='ltr'>manu</span> <span class='ocrx_word' id='word_1_314' title='bbox 358 4049 555 4100; x_wconf 88' lang='lat' dir='ltr'>consulentium</span> <span class='ocrx_word' id='word_1_315' title='bbox 583 4052 620 4099; x_wconf 87' lang='lat' dir='ltr'>ci·</span> <span class='ocrx_word' id='word_1_316' title='bbox 650 4063 716 4098; x_wconf 89' lang='lat' dir='ltr'>ram.</span> <span class='ocrx_word' id='word_1_317' title='bbox 749 4050 870 4113; x_wconf 87' lang='lat' dir='ltr'>Cumque</span> <span class='ocrx_word' id='word_1_318' title='bbox 895 4049 1018 4099; x_wconf 85' lang='lat' dir='ltr'>initiante</span> <span class='ocrx_word' id='word_1_319' title='bbox 1049 4051 1194 4100; x_wconf 88' lang='lat' dir='ltr'>maximum</span> <span class='ocrx_word' id='word_1_320' title='bbox 1220 4051 1243 4100; x_wconf 89' lang='lat' dir='ltr'>si</span> <span class='ocrx_word' id='word_1_321' title='bbox 1265 4051 1297 4100; x_wconf 96' lang='lat' dir='ltr'>de</span> <span class='ocrx_word' id='word_1_322' title='bbox 1320 4065 1418 4100; x_wconf 93' lang='lat' dir='ltr'>consu·</span> 
     </span>
     <span class='ocr_line' id='line_1_39' title="bbox 252 4123 1418 4195; baseline 0.007 -23"><span class='ocrx_word' id='word_1_323' title='bbox 252 4123 455 4191; x_wconf 76' lang='lat' dir='ltr'>cumcupiendo.</span> <span class='ocrx_word' id='word_1_324' title='bbox 469 4130 621 4181; x_wconf 82' lang='lat' dir='ltr'>Germanici</span> <span class='ocrx_word' id='word_1_325' title='bbox 649 4131 800 4181; x_wconf 79' lang='lat' dir='ltr'>antistitum</span> <span class='ocrx_word' id='word_1_326' title='bbox 822 4143 938 4179; x_wconf 91' lang='lat' dir='ltr'>numero</span> <span class='ocrx_word' id='word_1_327' title='bbox 961 4144 1019 4178; x_wconf 84' lang='lat' dir='ltr'>ceu·</span> <span class='ocrx_word' id='word_1_328' title='bbox 1050 4131 1129 4180; x_wconf 87' lang='lat' dir='ltr'>lautis</span> <span class='ocrx_word' id='word_1_329' title='bbox 1149 4132 1340 4195; x_wconf 85' lang='lat' dir='ltr'>manucapiat.</span> <span class='ocrx_word' id='word_1_330' title='bbox 1366 4132 1418 4180; x_wconf 89' lang='lat' dir='ltr'>De-</span> 
     </span>
     <span class='ocr_line' id='line_1_40' title="bbox 252 4205 1418 4275; baseline 0.007 -21"><span class='ocrx_word' id='word_1_331' title='bbox 252 4205 620 4262; x_wconf 79' lang='lat' dir='ltr'>Gaesurz&#39;smureumucersutus</span> <span class='ocrx_word' id='word_1_332' title='bbox 649 4219 704 4263; x_wconf 86' lang='lat' dir='ltr'>tum</span> <span class='ocrx_word' id='word_1_333' title='bbox 726 4212 853 4261; x_wconf 88' lang='lat' dir='ltr'>inductus</span> <span class='ocrx_word' id='word_1_334' title='bbox 879 4210 908 4259; x_wconf 90' lang='lat' dir='ltr'>in</span> <span class='ocrx_word' id='word_1_335' title='bbox 929 4210 1018 4260; x_wconf 88' lang='lat' dir='ltr'>thulu-</span> <span class='ocrx_word' id='word_1_336' title='bbox 1048 4212 1130 4275; x_wconf 90' lang='lat' dir='ltr'>nique</span> <span class='ocrx_word' id='word_1_337' title='bbox 1151 4214 1290 4262; x_wconf 83' lang='lat' dir='ltr'>auersatus</span> <span class='ocrx_word' id='word_1_338' title='bbox 1313 4214 1418 4262; x_wconf 85' lang='lat' dir='ltr'>Germa-</span> 
     </span>
     <span class='ocr_line' id='line_1_41' title="bbox 251 4287 1417 4356; baseline 0.009 -22"><span class='ocrx_word' id='word_1_339' title='bbox 251 4287 619 4356; x_wconf 82' lang='lat' dir='ltr'>est,haudmuliop0steuex-</span> <span class='ocrx_word' id='word_1_340' title='bbox 647 4309 718 4343; x_wconf 85' lang='lat' dir='ltr'>mum</span> <span class='ocrx_word' id='word_1_341' title='bbox 731 4306 790 4341; x_wconf 89' lang='lat' dir='ltr'>esse</span> <span class='ocrx_word' id='word_1_342' title='bbox 811 4290 923 4354; x_wconf 85' lang='lat' dir='ltr'>ooeperit</span> <span class='ocrx_word' id='word_1_343' title='bbox 936 4305 1018 4352; x_wconf 84' lang='lat' dir='ltr'>sacer,</span> <span class='ocrx_word' id='word_1_344' title='bbox 1048 4293 1101 4341; x_wconf 81' lang='lat' dir='ltr'>niet</span> <span class='ocrx_word' id='word_1_345' title='bbox 1135 4292 1245 4342; x_wconf 82' lang='lat' dir='ltr'>Caesoris</span> <span class='ocrx_word' id='word_1_346' title='bbox 1279 4294 1417 4344; x_wconf 86' lang='lat' dir='ltr'>dexteram</span> 
     </span>
     <span class='ocr_line' id='line_1_42' title="bbox 249 4367 1416 4438; baseline 0.008 -23"><span class='ocrx_word' id='word_1_347' title='bbox 249 4367 347 4417; x_wconf 86' lang='lat' dir='ltr'>stincti.</span> <span class='ocrx_word' id='word_1_348' title='bbox 363 4368 464 4419; x_wconf 83' lang='lat' dir='ltr'>Coetero</span> <span class='ocrx_word' id='word_1_349' title='bbox 486 4377 615 4434; x_wconf 82' lang='lat' dir='ltr'>secretus,</span> <span class='ocrx_word' id='word_1_350' title='bbox 649 4375 811 4438; x_wconf 86' lang='lat' dir='ltr'>conjecturis</span> <span class='ocrx_word' id='word_1_351' title='bbox 826 4371 927 4436; x_wconf 81' lang='lat' dir='ltr'>apertis</span> <span class='ocrx_word' id='word_1_352' title='bbox 942 4372 1019 4435; x_wconf 80' lang='lat' dir='ltr'>signu</span> <span class='ocrx_word' id='word_1_353' title='bbox 1050 4373 1168 4436; x_wconf 90' lang='lat' dir='ltr'>prodidit</span> <span class='ocrx_word' id='word_1_354' title='bbox 1189 4375 1351 4438; x_wconf 82' lang='lat' dir='ltr'>ingruentia,</span> <span class='ocrx_word' id='word_1_355' title='bbox 1368 4389 1416 4424; x_wconf 90' lang='lat' dir='ltr'>nec</span> 
     </span>
    </p>
   </div>
   <div class='ocr_carea' id='block_1_8' title="bbox 278 4563 1327 4794">
    <p class='ocr_par' dir='ltr' id='par_1_8' title="bbox 278 4563 1327 4794">
     <span class='ocr_line' id='line_1_43' title="bbox 278 4563 1327 4634; baseline 0.009 -24"><span class='ocrx_word' id='word_1_356' title='bbox 278 4565 300 4613; x_wconf 85' lang='lat'>1.</span> <span class='ocrx_word' id='word_1_357' title='bbox 315 4563 391 4624; x_wconf 88' lang='lat' dir='ltr'>Pliu.‚</span> <span class='ocrx_word' id='word_1_358' title='bbox 410 4566 448 4623; x_wconf 86' lang='lat' dir='ltr'>Vi,</span> <span class='ocrx_word' id='word_1_359' title='bbox 464 4570 493 4628; x_wconf 82' lang='lat'>53</span> <span class='ocrx_word' id='word_1_360' title='bbox 508 4570 537 4633; x_wconf 87' lang='lat' dir='ltr'>V,</span> <span class='ocrx_word' id='word_1_361' title='bbox 556 4573 583 4634; x_wconf 78' lang='lat'>83</span> <span class='ocrx_word' id='word_1_362' title='bbox 599 4572 640 4634; x_wconf 90' lang='lat' dir='ltr'>Vi,</span> <span class='ocrx_word' id='word_1_363' title='bbox 657 4574 685 4629; x_wconf 73' lang='grc' dir='ltr'>Ἲς</span> <span class='ocrx_word' id='word_1_364' title='bbox 698 4571 796 4630; x_wconf 74' lang='grc' dir='ltr'><strong>Αωιη.,</strong></span> <span class='ocrx_word' id='word_1_365' title='bbox 814 4570 889 4630; x_wconf 88' lang='lat' dir='ltr'>XXII,</span> <span class='ocrx_word' id='word_1_366' title='bbox 904 4573 928 4630; x_wconf 88' lang='lat'>8,</span> <span class='ocrx_word' id='word_1_367' title='bbox 942 4572 987 4632; x_wconf 78' lang='lat'>24;</span> <span class='ocrx_word' id='word_1_368' title='bbox 1003 4571 1054 4631; x_wconf 92' lang='lat' dir='ltr'>XV,</span> <span class='ocrx_word' id='word_1_369' title='bbox 1074 4572 1097 4629; x_wconf 80' lang='lat'>³,</span> <span class='ocrx_word' id='word_1_370' title='bbox 1114 4573 1142 4632; x_wconf 82' lang='lat'>63</span> <span class='ocrx_word' id='word_1_371' title='bbox 1158 4571 1233 4628; x_wconf 83' lang='lat' dir='ltr'>XXII,</span> <span class='ocrx_word' id='word_1_372' title='bbox 1249 4572 1273 4630; x_wconf 87' lang='lat'>8,</span> <span class='ocrx_word' id='word_1_373' title='bbox 1289 4571 1327 4619; x_wconf 89' lang='grc'>38,</span> 
     </span>
     <span class='ocr_line' id='line_1_44' title="bbox 278 4642 1211 4714; baseline 0.009 -24"><span class='ocrx_word' id='word_1_374' title='bbox 278 4643 302 4692; x_wconf 83' lang='lat'>2.</span> <span class='ocrx_word' id='word_1_375' title='bbox 319 4642 417 4694; x_wconf 76' lang='lat' dir='ltr'>Confer</span> <span class='ocrx_word' id='word_1_376' title='bbox 431 4647 559 4714; x_wconf 81' lang='lat' dir='ltr'>Wagner,</span> <span class='ocrx_word' id='word_1_377' title='bbox 575 4651 671 4700; x_wconf 83' lang='lat' dir='ltr'>Comm.</span> <span class='ocrx_word' id='word_1_378' title='bbox 687 4652 715 4698; x_wconf 83' lang='lat' dir='ltr'>in</span> <span class='ocrx_word' id='word_1_379' title='bbox 729 4652 804 4699; x_wconf 82' lang='lat' dir='ltr'>Amm</span> <span class='ocrx_word' id='word_1_380' title='bbox 817 4684 823 4708; x_wconf 94' lang='lat'>,</span> <span class='ocrx_word' id='word_1_381' title='bbox 835 4651 877 4700; x_wconf 89' lang='lat' dir='ltr'>ed.</span> <span class='ocrx_word' id='word_1_382' title='bbox 894 4651 1014 4711; x_wconf 79' lang='lat' dir='ltr'>Erfurdt,</span> <span class='ocrx_word' id='word_1_383' title='bbox 1030 4655 1050 4700; x_wconf 83' lang='lat' dir='ltr'>i.</span> <span class='ocrx_word' id='word_1_384' title='bbox 1069 4652 1113 4708; x_wconf 88' lang='lat' dir='ltr'>lli,</span> <span class='ocrx_word' id='word_1_385' title='bbox 1130 4664 1147 4713; x_wconf 92' lang='lat' dir='ltr'>p</span> <span class='ocrx_word' id='word_1_386' title='bbox 1173 4653 1211 4699; x_wconf 72' lang='lat' dir='ltr'>ia.</span> 
     </span>
     <span class='ocr_line' id='line_1_45' title="bbox 279 4723 626 4794; baseline 0.029 -23"><span class='ocrx_word' id='word_1_387' title='bbox 279 4723 303 4772; x_wconf 81' lang='grc'>3.</span> <span class='ocrx_word' id='word_1_388' title='bbox 319 4723 432 4786; x_wconf 83' lang='lat' dir='ltr'>Hermes,</span> <span class='ocrx_word' id='word_1_389' title='bbox 447 4727 510 4789; x_wconf 88' lang='lat' dir='ltr'>XVI,</span> <span class='ocrx_word' id='word_1_390' title='bbox 526 4729 553 4794; x_wconf 86' lang='lat' dir='ltr'>p.</span> <span class='ocrx_word' id='word_1_391' title='bbox 571 4734 626 4781; x_wconf 80' lang='lat'>629.</span> 
     </span>
    </p>
   </div>
   <div class='ocr_carea' id='block_1_9' title="bbox 0 0 1684 5446">
    <p class='ocr_par' dir='ltr' id='par_1_9' title="bbox 0 0 1684 5446">
     <span class='ocr_line' id='line_1_46' title="bbox 0 0 1684 5446; baseline 0 6"><span class='ocrx_word' id='word_1_392' title='bbox 0 0 1684 5446; x_wconf 95' lang='lat' dir='ltr'> </span> 
     </span>
    </p>
   </div>
  </div>
 </body>
</html>
