3360 5446
726 543 923 602 -49„.

250 695 351 763 discis
366 695 509 762 Martem
522 704 556 759 et
571 692 779 775 Bellonam',
796 693 870 783 regi
896 693 1072 762 Grumbati
1092 694 1242 762 fetialem
1266 695 1412 780 hastam,

250 812 333 879 falso
350 808 570 899 assignavit’.
590 809 657 889 Sic,
676 809 705 875 si
721 810 903 898 Belloguet
927 809 1027 877 fidem
1047 810 1209 880 adhibere
1233 813 1347 896 liceat,
1366 814 1409 896 is,

250 925 353 1016 graeci
368 924 498 1012 ingenii
516 923 714 1004 admirator,
732 924 909 992 erravit'in
922 924 987 992 hoc
1002 925 1077 994 loco
1095 926 1151 994 ubi
1168 949 1413 995 commemora·

249 1043 298 1108 vit
313 1041 481 1109 Druidum
498 1039 653 1107 instituta
666 1040 708 1106 ad
721 1039 954 1130 Pythagoram
969 1063 1043 1108 csse
1057 1042 1266 1112 referenda⁸.
1282 1072 1298 1105 «
1321 1043 1414 1110 lnter

251 1180 310 1225 eos
326 1157 482 1238 drasidae,
500 1155 648 1246 ingeniis
663 1155 838 1236 celsiores,
858 1165 896 1223 ut
919 1147 1104 1225 auctoritas
1126 1158 1329 1248 Pythagoraa
1361 1159 1415 1226 de-

253 1274 369 1354 crevit,
383 1272 557 1341 sodaliciis
573 1270 723 1340 adstricti
739 1271 964 1342 consortiis...
986 1302 1015 1343 ».

296 1388 328 1456 Is
340 1398 468 1471 autem,
479 1387 616 1455 Graecos
630 1387 851 1477 abAEgyptiis
861 1410 959 1456 sacra
973 1390 1144 1480 accepisse
1155 1390 1418 1459 contendentem

254 1504 466 1572 Herodotum
493 1514 630 1572 secutus
653 1513 705 1571 est
728 1532 744 1565 «
773 1503 837 1571 hac
863 1504 1054 1588 institutus,
1085 1505 1417 1598 inquit,‘prudcntia

253 1623 468 1713 Pythagoras
486 1622 602 1690 colens
618 1622 782 1690 secretius
808 1623 902 1702 deos,
929 1621 1092 1714 quicquid
1114 1623 1200 1691 dixit
1224 1635 1283 1691 aut
1307 1623 1415 1691 voluit

256 1739 492 1807 auctoritatem
508 1761 582 1806 esse
597 1737 745 1806 instituit
760 1747 880 1821 ratam,
898 1739 1162 1808 etfemursuum
1172 1762 1315 1808 aureum
1330 1739 1421 1828 apud

257 1854 450 1945 Olympiam
465 1877 554 1946 saepe
567 1855 777 1922 monstrabat
790 1864 824 1922 ct
839 1877 918 1923 cum
929 1854 1044 1946 aquila
1057 1855 1258 1948 colloquens
1275 1855 1418 1924 subinde

258 1971 1421 2065 visebatur.HincAnaxegcraslapidesccaelolapsurcsetputcalem

255 2087 378 2155 limum
401 2096 619 2156 contrectans
646 2097 810 2155 tremores
844 2089 977 2156 futuros
1004 2090 1206 2179 praedixerat
1235 2099 1335 2158 terrae
1365 2097 1417 2155 »‘.

259 2203 478 2286 Quinetiam,
506 2204 577 2271 sive
593 2203 888 2294 objurgationibus
909 2204 1002 2272 cives
1029 2204 1213 2273 admonere
1238 2216 1271 2273 et
1288 2205 1331 2274 ad
1351 2228 1422 2273 me·

258 2320 344 2388 liora
359 2342 519 2388 revocare
532 2318 692 2403 voluerit,
704 2319 782 2388 'sive
794 2319 947 2386 veritatis
964 2319 1113 2389 dicendae
1125 2320 1237 2390 studio
1247 2320 1291 2389 sit
1301 2321 1422 2413 impul-

260 2457 332 2514 sus,
363 2435 546 2502 Persarum
571 2431 745 2522 judicibus
774 2431 935 2510 laudatis,
963 2433 1136 2501 Romanos
1158 2432 1293 2525 judices
1323 2433 1418 2501 illius

261 2551 370 2617 aetatis
386 2548 529 2617 illudere
547 2571 653 2616 ausus
669 2558 732 2630 est,
749 2548 875 2616 nedum
891 2548 1078 2638 aequalium
1092 2570 1205 2637 praeco
1224 2573 1285 2618 seu
1303 2549 1423 2618 lauda·

261 2677 315 2735 tor
329 2666 372 2734 sit
386 2666 576 2735 habendus.
597 2693 613 2727 c
630 2665 684 2734 Ad
695 2664 921 2754 judicandum
936 2671 1052 2732 autem
1067 2688 1133 2732 usu
1149 2687 1263 2734 rerum
1276 2661 1426 2757 'spectati

159 2835 161 2842 .
263 2782 478 2850 destinantur
493 2781 672 2872 etintegri‚
686 2780 808 2872 iuquit,
826 2773 949 2871 parum
963 2779 1085 2848 alienis
1101 2782 1256 2850 consiliis
1272 2783 1425 2871 indigen·

263 2907 327 2982 tes,
343 2899 434 2966 unde
452 2905 613 2966 'nostram
633 2896 917 2965 consuetudinem
944 2897 1067 2979 rident,
1088 2920 1163 2988 quae
1188 2897 1360 2967 interdum
1375 2899 1429 2967 fa·

263 3016 392 3087 eundcs
409 3015 566 3105 jurisque
577 3013 705 3104 publici
720 3012 947 3104 peritissimos
961 3012 1261 3102 postindootorum
1271 3015 1425 3084 conlocat

264 3143 361 3223 terga
378 3138 428 3200 s‘..

310 3249 451 3317 Constat
465 3248 557 3315 enim
575 3245 813 3316 Marcellinum
833 3254 987 3313 nostrum
1003 3244 1187 3336 aequalium
1198 3245 1281 3314 vitia
1295 3268 1364 3314 non
1379 3270 1432 3315 re·

266 3363 418 3433 licuisse.
441 3366 560 3432 Testes
587 3363 656 3431 illae
679 3360 964 3452 reprehensiones
989 3383 1070 3429 saue
1095 3361 1223 3428 acerbae
1244 3361 1370 3452 quihus
1388 3362 1425 3431 in

265 3479 433 3550 nobilium
455 3502 493 3548 ac
513 3479 622 3569 plebis
640 3500 790 3546 romanae
813 3499 923 3544 mores
948 3476 1103 3544 invectus
1125 3485 1175 3543 est
1199 3505 1215 3539 «
1241 3477 1299 3545 alii
1323 3479 1421 3545 nullo

268 3607 440 3687 quaerente
472 3596 587 3664 vultus
616 3594 797 3663 severitate
826 3592 1032 3660 adsimulata
1062 3591 1267 3682 patrimonia
1297 3616 1359 3661 sua
1388 3594 1424 3661 in

267 3712 475 3781 immensum
490 3713 668 3796 extollunt,
687 3711 857 3790 cultorum
875 3717 1007 3798 utputa
1021 3708 1183 3776 feracium
1200 3709 1427 3800 multiplican-

267 3839 318 3898 tes
333 3853 466 3898 aunuos
481 3830 624 3906 tructus,
641 3850 715 3918 quae
733 3826 876 3918 aprimo
890 3824 933 3892 ad
948 3824 1107 3892 ultimum
1118 3825 1228 3892 solem
1242 3848 1278 3892 se
1294 3825 1428 3894 abunde

265 3944 422 4038 jactitant
444 3944 619 4036 possidere
625 3993 692 4013 .....
710 3942 906 4013 Mensarum
930 3940 1022 4008 enim
1052 3941 1235 4031 voragines
1262 3952 1295 4008 et
1316 3942 1430 4010 varias

268 4064 484 4152 voluptatum
513 4059 701 4142 illecebrae,
732 4081 775 4126 ne
800 4057 938 4146 lougius
961 4056 1173 4147 progrediar,
1206 4056 1429 4147 praetermitto

302 4333 325 4384 l.
340 4329 439 4390 XXVII,
449 4300 478 4391 l,
494 4331 517 4381 4.
532 4331 626 4381 Confer
641 4328 730 4387 Grote,
746 4315 860 4376 Histoire
879 4326 912 4375 de
930 4324 958 4375 lc
980 4320 1067 4383 Gracc,
1090 4321 1159 4374 trad.
1180 4320 1213 4374 de
1233 4320 1345 4385 Sedens,
1370 4322 1391 4373 t.
1413 4320 1435 4382 1,

272 4416 401 4555 Philini,
412 4496 436 4552 2,
452 4495 475 4542 6.
490 4491 528 4541 Gt.
544 4487 715 4548 Diefeubach,
725 4486 774 4536 loc.
790 4488 846 4547 cit,
862 4488 961 4551 p.185;
977 4487 1092 4544 Hermes,
1111 4484 1176 4546 XVI,
1187 4499 1214 4549 p.
1227 4487 1282 4536 60¹1.

303 4576 327 4626 3.
343 4575 393 4634 XV,
408 4576 432 4633 9,
451 4575 472 4622 8.
485 4573 523 4622 Cf.
536 4569 683 4633 eetloguet,
699 4567 857 4631 Ethnopenie
871 4568 997 4630 pantoleo,
1016 4568 1041 4615 2ε
1053 4565 1149 4629 partie,
1167 4564 1217 4615 loc.
1233 4566 1288 4626 cit,
1302 4578 1329 4629 p.
1343 4565 1402 4614 321.

305 4659 330 4704 l.
348 4655 423 4714 xxtt,
441 4656 470 4701 16
495 4655 534 4701 ⁸21.
1043 4661 1045 4667 ·

305 4735 327 4784 e.
343 4734 463 4794 xxutc,
481 4735 522 4783 aa.
590 4781 596 4796 ,
