3412 5454
753 583 789 590 -,
832 547 868 606 61
912 584 951 590 .-

306 706 421 793 Neque
444 703 577 769 minore
602 701 757 768 acumine
788 703 944 788 gentium
970 702 1102 769 animos
1126 701 1300 793 perspexit
1324 723 1427 791 quarn

261 821 458 893 Herodotus
479 828 513 886 et
528 817 662 888 Strabo.
681 818 720 885 ln
736 819 789 886 his
806 829 921 887 autem
935 842 1011 910 quac
1031 818 1074 887 ad
1101 819 1256 907 gentium
1272 817 1428 886 habiturn

263 945 297 1003 et
317 936 447 1003 cultum
470 933 711 1002 describendos
733 935 916 1024 pertinent,
942 933 1047 1026 priori
1072 933 1224 1016 inferior,
1247 932 1429 1023 posteriori

262 1049 414 1140 propior,
436 1049 578 1117 fortasse
592 1033 769 1117 ducendus
783 1057 846 1117 est.

307 1165 342 1233 Is
358 1165 496 1256 quidem
514 1165 651 1256 proprio
668 1175 763 1233 motu
788 1165 902 1232 minus
916 1165 980 1232 fuit
996 1165 1166 1256 impulsus
1190 1164 1232 1232 ad
1248 1163 1427 1253 disputan·
1488 1143 1492 1152 ⁸

267 1280 361 1360 dum,
392 1279 637 1371 materiamque
663 1279 925 1348 examinandam
956 1279 1237 1372 quamStrab01.
1267 1277 1337 1346 Sed
1365 1298 1434 1344 non

267 1396 501 1465 multominus
518 1417 601 1464 sano
621 1395 825 1486 integroque
839 1396 969 1486 judicio
985 1418 1068 1464 usus
1085 1404 1136 1464 est
1161 1416 1266 1486 quam
1279 1393 1434 1460 Herodo-

267 1523 334 1595 tus,
359 1512 509 1592 Tacitus,
532 1511 751 1580 Ptolemaeus.
780 1512 898 1601 Neque
930 1511 1073 1580 dubium
1094 1533 1169 1579 esse
1198 1509 1280 1578 mihi
1299 1508 1435 1577 videtur

267 1631 361 1722 quin,
378 1636 417 1697 ut
429 1650 544 1696 rerum
560 1626 797 1719 amplitudine,
815 1627 865 1695 sic
884 1626 1073 1716 diligentia,
1093 1627 1171 1709 fide,
1192 1624 1349 1694 veritatis
1364 1633 1436 1691 stu·

269 1745 337 1829 din,
361 1744 484 1823 Malea,
506 1745 546 1825 Q.
565 1743 696 1826 Curtio,
718 1743 835 1811 Solino
858 1752 1006 1832 praestet.
1025 1743 1157 1833 ltaque,
1179 1752 1217 1810 ut
1243 1763 1311 1809 uno
1331 1740 1436 1809 verbo
1495 1737 1500 1745 '

269 1883 342 1929 rem
361 1861 554 1952 expediam,
572 1859 660 1927 inter
682 1859 762 1927 illos
786 1860 942 1927 auctores
959 1860 1016 1951 qui
1033 1859 1155 1926 iisdem
1171 1858 1273 1926 rebus
1291 1877 1435 1924 vacave-

270 1987 361 2060 runt,
386 1977 548 2044 Nostrum
567 1975 755 2057 Herodoto,
782 1975 955 2056 Straboni,
978 1975 1109 2056 Tacito,
1129 1972 1437 2063 investigationum

271 2090 655 2180 percunctationumque
670 2089 780 2180 copia,
794 2089 871 2172 fide,
890 2090 1068 2181 diligentia
1092 2091 1223 2170 cedere,
1237 2089 1298 2157 sed
1313 2087 1437 2155 iisdem

271 2207 374 2275 rebus
389 2216 519 2275 ceteros
535 2207 666 2295 priores
683 2214 839 2274 auctores
854 2228 1034 2295 superasse
1051 2229 1191 2275 censeo.

316 2324 379 2392 His
395 2323 596 2413 explanatis,
612 2322 712 2390 credo
728 2345 783 2390 me
797 2324 951 2391 ellecisse
967 2322 1002 2390 id
1017 2323 1109 2415 qnod
1121 2321 1204 2390 mihi
1216 2320 1440 2412 proposui,ut

272 2441 477 2508 illustrarem
500 2448 667 2530 quantum
687 2438 863 2523 doctrinae,
881 2437 1025 2526 ingenii,
1042 2437 1120 2506 fidei
1143 2438 1180 2505 in
1200 2435 1361 2528 gentihus
1382 2457 1441 2502 ex-

274 2554 379 2623 ternis
401 2553 621 2644 inspiciendis
642 2563 675 2621 et
695 2547 929 2622 describendis
952 2553 1146 2622 adhibuerit
1167 2552 1386 2633 Ammianus,
1409 2560 1442 2619 et

207 2742 209 2746 ,
276 2670 400 2761 quihus
416 2669 571 2737 terminis
587 2678 730 2759 saeptum
744 2668 848 2757 fuerit
862 2671 937 2758 ejus
953 2668 1144 2759 ingenium.

307 2870 330 2916 l.
345 2866 439 2917 Vivien
460 2867 492 2916 de
515 2867 710 2927 saint-Martia,
729 2867 843 2916 Histoire
859 2867 892 2916 de
905 2867 933 2917 la
950 2864 1304 2930 qeoqraptte,reris‚1875,
1326 2879 1354 2930 p.
1376 2866 1441 2925 166;

276 2947 387 3010 Dubois,
408 2949 460 2997 loc.
479 2946 539 3008 cit„
554 2960 580 3011 p.
597 2948 710 3009 toa-toa,
723 2949 777 3001 333.
