<?xml version="1.0" encoding="UTF-8"?>
<!DOCTYPE html PUBLIC "-//W3C//DTD XHTML 1.0 Transitional//EN"
    "http://www.w3.org/TR/xhtml1/DTD/xhtml1-transitional.dtd">
<html xmlns="http://www.w3.org/1999/xhtml" xml:lang="en" lang="en">
 <head>
  <title>
</title>
<meta http-equiv="Content-Type" content="text/html;charset=utf-8" />
  <meta name='ocr-system' content='tesseract 3.04.00' />
  <meta name='ocr-capabilities' content='ocr_page ocr_carea ocr_par ocr_line ocrx_word'/>
</head>
<body>
  <div class='ocr_page' id='page_1' title='image "./deammianimarcel00malogoog_0054.png"; bbox 0 0 3360 5446; ppageno 0'>
   <div class='ocr_carea' id='block_1_1' title="bbox 747 515 944 587">
    <p class='ocr_par' dir='ltr' id='par_1_1' title="bbox 747 515 944 587">
     <span class='ocr_line' id='line_1_1' title="bbox 747 515 944 587; baseline 0.015 -17"><span class='ocrx_word' id='word_1_1' title='bbox 747 515 944 587; x_wconf 45' lang='lat'>..33-</span> 
     </span>
    </p>
   </div>
   <div class='ocr_carea' id='block_1_2' title="bbox 262 672 1434 2279">
    <p class='ocr_par' dir='ltr' id='par_1_2' title="bbox 265 672 1434 1928">
     <span class='ocr_line' id='line_1_2' title="bbox 313 672 1434 767; baseline 0.005 -27"><span class='ocrx_word' id='word_1_2' title='bbox 313 674 486 742; x_wconf 88' lang='lat' dir='ltr'>Ammiani</span> <span class='ocrx_word' id='word_1_3' title='bbox 506 672 604 743; x_wconf 79' lang='lat' dir='ltr'>aetate</span> <span class='ocrx_word' id='word_1_4' title='bbox 626 676 749 766; x_wconf 90' lang='lat' dir='ltr'>quibus</span> <span class='ocrx_word' id='word_1_5' title='bbox 766 677 890 748; x_wconf 91' lang='lat' dir='ltr'>linibus</span> <span class='ocrx_word' id='word_1_6' title='bbox 905 678 1061 767; x_wconf 87' lang='lat' dir='ltr'>gentium</span> <span class='ocrx_word' id='word_1_7' title='bbox 1079 677 1166 743; x_wconf 91' lang='lat' dir='ltr'>situs</span> <span class='ocrx_word' id='word_1_8' title='bbox 1189 673 1434 746; x_wconf 51' lang='lat' dir='ltr'>determinare*</span> 
     </span>
     <span class='ocr_line' id='line_1_3' title="bbox 269 788 1433 883; baseline 0.003 -27"><span class='ocrx_word' id='word_1_9' title='bbox 269 798 334 872; x_wconf 89' lang='lat' dir='ltr'>tur,</span> <span class='ocrx_word' id='word_1_10' title='bbox 353 811 393 857; x_wconf 94' lang='lat' dir='ltr'>eo</span> <span class='ocrx_word' id='word_1_11' title='bbox 408 788 577 858; x_wconf 85' lang='lat' dir='ltr'>difficilius</span> <span class='ocrx_word' id='word_1_12' title='bbox 597 791 746 860; x_wconf 83' lang='lat' dir='ltr'>indicare</span> <span class='ocrx_word' id='word_1_13' title='bbox 762 792 837 874; x_wconf 88' lang='lat' dir='ltr'>fuit,</span> <span class='ocrx_word' id='word_1_14' title='bbox 856 792 947 883; x_wconf 89' lang='lat' dir='ltr'>quod</span> <span class='ocrx_word' id='word_1_15' title='bbox 962 794 1153 882; x_wconf 81' lang='lat' dir='ltr'><strong>complures</strong></span> <span class='ocrx_word' id='word_1_16' title='bbox 1170 802 1353 882; x_wconf 85' lang='lat' dir='ltr'>occupatas</span> <span class='ocrx_word' id='word_1_17' title='bbox 1365 803 1433 860; x_wconf 88' lang='lat' dir='ltr'>ter-</span> 
     </span>
     <span class='ocr_line' id='line_1_4' title="bbox 268 909 1428 998; baseline 0.004 -28"><span class='ocrx_word' id='word_1_18' title='bbox 268 928 383 973; x_wconf 91' lang='lat' dir='ltr'>rarum</span> <span class='ocrx_word' id='word_1_19' title='bbox 399 916 511 997; x_wconf 88' lang='lat' dir='ltr'>partes</span> <span class='ocrx_word' id='word_1_20' title='bbox 532 930 602 975; x_wconf 91' lang='lat' dir='ltr'>non</span> <span class='ocrx_word' id='word_1_21' title='bbox 620 918 818 976; x_wconf 75' lang='lat' dir='ltr'>constanter</span> <span class='ocrx_word' id='word_1_22' title='bbox 836 909 1056 998; x_wconf 70' lang='lat' dir='ltr'>possidebant</span> <span class='ocrx_word' id='word_1_23' title='bbox 1072 918 1173 998; x_wconf 91' lang='lat' dir='ltr'>atque</span> <span class='ocrx_word' id='word_1_24' title='bbox 1191 909 1266 975; x_wconf 84' lang='lat' dir='ltr'>aliae</span> <span class='ocrx_word' id='word_1_25' title='bbox 1285 909 1326 976; x_wconf 90' lang='lat' dir='ltr'>ab</span> <span class='ocrx_word' id='word_1_26' title='bbox 1351 909 1428 976; x_wconf 92' lang='lat' dir='ltr'>aliis</span> 
     </span>
     <span class='ocr_line' id='line_1_5' title="bbox 268 1023 1433 1115; baseline 0.005 -28"><span class='ocrx_word' id='word_1_27' title='bbox 268 1023 593 1114; x_wconf 82' lang='lat' dir='ltr'>ejectaeplerumque</span> <span class='ocrx_word' id='word_1_28' title='bbox 607 1025 833 1113; x_wconf 90' lang='lat' dir='ltr'>vagabantur.</span> <span class='ocrx_word' id='word_1_29' title='bbox 845 1025 1087 1115; x_wconf 85' lang='lat' dir='ltr'>Quaproptera</span> <span class='ocrx_word' id='word_1_30' title='bbox 1102 1026 1223 1092; x_wconf 89' lang='lat' dir='ltr'>Nostro</span> <span class='ocrx_word' id='word_1_31' title='bbox 1236 1048 1305 1091; x_wconf 87' lang='lat' dir='ltr'>non</span> <span class='ocrx_word' id='word_1_32' title='bbox 1326 1025 1433 1093; x_wconf 92' lang='lat' dir='ltr'>multa</span> 
     </span>
     <span class='ocr_line' id='line_1_6' title="bbox 268 1139 1432 1230; baseline 0.004 -28"><span class='ocrx_word' id='word_1_33' title='bbox 268 1159 358 1205; x_wconf 90' lang='lat' dir='ltr'>nova</span> <span class='ocrx_word' id='word_1_34' title='bbox 377 1139 417 1206; x_wconf 90' lang='lat' dir='ltr'>de</span> <span class='ocrx_word' id='word_1_35' title='bbox 438 1160 478 1205; x_wconf 89' lang='lat' dir='ltr'>ea</span> <span class='ocrx_word' id='word_1_36' title='bbox 499 1162 536 1207; x_wconf 90' lang='lat' dir='ltr'>re</span> <span class='ocrx_word' id='word_1_37' title='bbox 562 1150 642 1207; x_wconf 84' lang='lat' dir='ltr'>sunt</span> <span class='ocrx_word' id='word_1_38' title='bbox 664 1140 904 1230; x_wconf 86' lang='lat' dir='ltr'>exspectanda.</span> <span class='ocrx_word' id='word_1_39' title='bbox 927 1141 970 1206; x_wconf 88' lang='lat' dir='ltr'>Et</span> <span class='ocrx_word' id='word_1_40' title='bbox 997 1152 1087 1208; x_wconf 91' lang='lat' dir='ltr'>certe</span> <span class='ocrx_word' id='word_1_41' title='bbox 1114 1140 1244 1230; x_wconf 82' lang='lat' dir='ltr'><strong>aliquot</strong></span> <span class='ocrx_word' id='word_1_42' title='bbox 1265 1149 1432 1207; x_wconf 87' lang='lat' dir='ltr'>terrarum</span> 
     </span>
     <span class='ocr_line' id='line_1_7' title="bbox 268 1255 1431 1347; baseline 0.003 -28"><span class='ocrx_word' id='word_1_43' title='bbox 268 1255 476 1322; x_wconf 85' lang='lat' dir='ltr'>mutationes</span> <span class='ocrx_word' id='word_1_44' title='bbox 482 1256 615 1345; x_wconf 86' lang='lat' dir='ltr'>jamdiu</span> <span class='ocrx_word' id='word_1_45' title='bbox 627 1256 734 1324; x_wconf 87' lang='lat' dir='ltr'>factas</span> <span class='ocrx_word' id='word_1_46' title='bbox 745 1278 814 1324; x_wconf 92' lang='lat' dir='ltr'>non</span> <span class='ocrx_word' id='word_1_47' title='bbox 824 1256 950 1346; x_wconf 88' lang='lat' dir='ltr'>attigit.</span> <span class='ocrx_word' id='word_1_48' title='bbox 960 1255 1045 1323; x_wconf 89' lang='lat' dir='ltr'>Item</span> <span class='ocrx_word' id='word_1_49' title='bbox 1056 1255 1230 1344; x_wconf 89' lang='lat' dir='ltr'>deplorare</span> <span class='ocrx_word' id='word_1_50' title='bbox 1241 1256 1431 1347; x_wconf 89' lang='lat' dir='ltr'>licetquod,</span> 
     </span>
     <span class='ocr_line' id='line_1_8' title="bbox 269 1371 1434 1464; baseline -0.001 -26"><span class='ocrx_word' id='word_1_51' title='bbox 269 1394 353 1461; x_wconf 87' lang='lat' dir='ltr'>quas</span> <span class='ocrx_word' id='word_1_52' title='bbox 368 1373 526 1460; x_wconf 79' lang='lat' dir='ltr'>regiones</span> <span class='ocrx_word' id='word_1_53' title='bbox 541 1377 664 1464; x_wconf 85' lang='lat' dir='ltr'>praeter</span> <span class='ocrx_word' id='word_1_54' title='bbox 681 1373 816 1462; x_wconf 92' lang='lat' dir='ltr'>imperii</span> <span class='ocrx_word' id='word_1_55' title='bbox 831 1372 965 1439; x_wconf 90' lang='lat' dir='ltr'>romani</span> <span class='ocrx_word' id='word_1_56' title='bbox 983 1372 1266 1462; x_wconf 76' lang='lat' dir='ltr'>septentrionales</span> <span class='ocrx_word' id='word_1_57' title='bbox 1281 1372 1368 1439; x_wconf 91' lang='lat' dir='ltr'>fines</span> <span class='ocrx_word' id='word_1_58' title='bbox 1384 1371 1434 1438; x_wconf 94' lang='lat' dir='ltr'>ul·</span> 
     </span>
     <span class='ocr_line' id='line_1_9' title="bbox 267 1486 1429 1578; baseline 0.002 -26"><span class='ocrx_word' id='word_1_59' title='bbox 267 1496 385 1578; x_wconf 88' lang='lat' dir='ltr'>traque</span> <span class='ocrx_word' id='word_1_60' title='bbox 402 1488 551 1556; x_wconf 85' lang='lat' dir='ltr'>Pontum</span> <span class='ocrx_word' id='word_1_61' title='bbox 574 1489 748 1556; x_wconf 83' lang='lat' dir='ltr'>Euxinum</span> <span class='ocrx_word' id='word_1_62' title='bbox 764 1487 924 1556; x_wconf 88' lang='lat' dir='ltr'>tenebant</span> <span class='ocrx_word' id='word_1_63' title='bbox 948 1486 1160 1576; x_wconf 85' lang='lat' dir='ltr'>temporibus</span> <span class='ocrx_word' id='word_1_64' title='bbox 1184 1488 1254 1554; x_wconf 92' lang='lat' dir='ltr'>illis</span> <span class='ocrx_word' id='word_1_65' title='bbox 1274 1488 1429 1571; x_wconf 90' lang='lat' dir='ltr'>Barbari,</span> 
     </span>
     <span class='ocr_line' id='line_1_10' title="bbox 267 1603 1431 1695; baseline 0.001 -26"><span class='ocrx_word' id='word_1_66' title='bbox 267 1625 335 1670; x_wconf 92' lang='lat' dir='ltr'>non</span> <span class='ocrx_word' id='word_1_67' title='bbox 350 1604 501 1672; x_wconf 87' lang='lat' dir='ltr'>docuerit</span> <span class='ocrx_word' id='word_1_68' title='bbox 514 1615 681 1695; x_wconf 89' lang='lat' dir='ltr'>posteros.</span> <span class='ocrx_word' id='word_1_69' title='bbox 696 1604 831 1671; x_wconf 83' lang='lat' dir='ltr'>Etenim</span> <span class='ocrx_word' id='word_1_70' title='bbox 847 1627 917 1672; x_wconf 89' lang='lat' dir='ltr'>non</span> <span class='ocrx_word' id='word_1_71' title='bbox 937 1604 977 1671; x_wconf 90' lang='lat' dir='ltr'>ab</span> <span class='ocrx_word' id='word_1_72' title='bbox 994 1603 1090 1670; x_wconf 92' lang='lat' dir='ltr'>omni</span> <span class='ocrx_word' id='word_1_73' title='bbox 1106 1612 1199 1694; x_wconf 92' lang='lat' dir='ltr'>parte</span> <span class='ocrx_word' id='word_1_74' title='bbox 1217 1603 1318 1671; x_wconf 91' lang='lat' dir='ltr'>nobis</span> <span class='ocrx_word' id='word_1_75' title='bbox 1335 1605 1431 1672; x_wconf 88' lang='lat' dir='ltr'>satis·</span> 
     </span>
     <span class='ocr_line' id='line_1_11' title="bbox 266 1719 1432 1809; baseline 0.001 -23"><span class='ocrx_word' id='word_1_76' title='bbox 266 1719 344 1787; x_wconf 88' lang='lat' dir='ltr'>facit</span> <span class='ocrx_word' id='word_1_77' title='bbox 360 1726 431 1788; x_wconf 89' lang='lat' dir='ltr'>tum</span> <span class='ocrx_word' id='word_1_78' title='bbox 448 1721 529 1790; x_wconf 87' lang='lat' dir='ltr'>Julii</span> <span class='ocrx_word' id='word_1_79' title='bbox 550 1722 694 1789; x_wconf 93' lang='lat' dir='ltr'>Honorii</span> <span class='ocrx_word' id='word_1_80' title='bbox 710 1721 936 1803; x_wconf 83' lang='lat' dir='ltr'>enumeratio,</span> <span class='ocrx_word' id='word_1_81' title='bbox 954 1729 1027 1787; x_wconf 91' lang='lat' dir='ltr'>tum</span> <span class='ocrx_word' id='word_1_82' title='bbox 1050 1721 1199 1788; x_wconf 86' lang='lat' dir='ltr'>auctoris</span> <span class='ocrx_word' id='word_1_83' title='bbox 1218 1719 1330 1809; x_wconf 90' lang='lat' dir='ltr'>ignoti</span> <span class='ocrx_word' id='word_1_84' title='bbox 1346 1743 1432 1788; x_wconf 90' lang='lat' dir='ltr'>enu-</span> 
     </span>
     <span class='ocr_line' id='line_1_12' title="bbox 265 1837 888 1928; baseline 0.003 -27"><span class='ocrx_word' id='word_1_85' title='bbox 265 1837 409 1904; x_wconf 86' lang='lat' dir='ltr'>meratio</span> <span class='ocrx_word' id='word_1_86' title='bbox 427 1861 502 1928; x_wconf 87' lang='lat' dir='ltr'>quae</span> <span class='ocrx_word' id='word_1_87' title='bbox 521 1862 609 1906; x_wconf 90' lang='lat' dir='ltr'>anno</span> <span class='ocrx_word' id='word_1_88' title='bbox 622 1840 687 1907; x_wconf 83' lang='lat'>297</span> <span class='ocrx_word' id='word_1_89' title='bbox 704 1837 793 1906; x_wconf 88' lang='lat' dir='ltr'>edita</span> <span class='ocrx_word' id='word_1_90' title='bbox 808 1840 888 1905; x_wconf 90' lang='lat' dir='ltr'>est¹.</span> 
     </span>
    </p>

    <p class='ocr_par' dir='ltr' id='par_1_3' title="bbox 262 1950 1430 2279">
     <span class='ocr_line' id='line_1_13' title="bbox 308 1950 1427 2043; baseline 0.002 -26"><span class='ocrx_word' id='word_1_91' title='bbox 308 1953 538 2031; x_wconf 87' lang='lat' dir='ltr'>Nihilominus</span> <span class='ocrx_word' id='word_1_92' title='bbox 553 1955 759 2022; x_wconf 84' lang='lat' dir='ltr'>Ammianus</span> <span class='ocrx_word' id='word_1_93' title='bbox 783 1953 824 2021; x_wconf 91' lang='lat' dir='ltr'>de</span> <span class='ocrx_word' id='word_1_94' title='bbox 849 1953 996 2043; x_wconf 88' lang='lat' dir='ltr'>posteris</span> <span class='ocrx_word' id='word_1_95' title='bbox 1016 1953 1153 2035; x_wconf 89' lang='lat' dir='ltr'>meruit,</span> <span class='ocrx_word' id='word_1_96' title='bbox 1180 1953 1261 2043; x_wconf 89' lang='lat' dir='ltr'>quia</span> <span class='ocrx_word' id='word_1_97' title='bbox 1283 1950 1427 2043; x_wconf 90' lang='lat' dir='ltr'>primus,</span> 
     </span>
     <span class='ocr_line' id='line_1_14' title="bbox 264 2067 1430 2160; baseline 0.001 -27"><span class='ocrx_word' id='word_1_98' title='bbox 264 2067 329 2134; x_wconf 92' lang='lat' dir='ltr'>nisi</span> <span class='ocrx_word' id='word_1_99' title='bbox 347 2070 475 2138; x_wconf 85' lang='lat' dir='ltr'>fallitur</span> <span class='ocrx_word' id='word_1_100' title='bbox 490 2072 637 2154; x_wconf 92' lang='lat' dir='ltr'>animus,</span> <span class='ocrx_word' id='word_1_101' title='bbox 654 2081 687 2138; x_wconf 90' lang='lat' dir='ltr'>et</span> <span class='ocrx_word' id='word_1_102' title='bbox 703 2070 868 2160; x_wconf 89' lang='lat' dir='ltr'>usquead</span> <span class='ocrx_word' id='word_1_103' title='bbox 884 2068 1039 2156; x_wconf 80' lang='lat' dir='ltr'>Gangem</span> <span class='ocrx_word' id='word_1_104' title='bbox 1055 2068 1199 2136; x_wconf 91' lang='lat' dir='ltr'>fluvium</span> <span class='ocrx_word' id='word_1_105' title='bbox 1215 2068 1384 2136; x_wconf 90' lang='lat' dir='ltr'>Halanos¹</span> <span class='ocrx_word' id='word_1_106' title='bbox 1396 2079 1430 2135; x_wconf 90' lang='lat' dir='ltr'>et</span> 
     </span>
     <span class='ocr_line' id='line_1_15' title="bbox 262 2186 1428 2279; baseline 0.001 -29"><span class='ocrx_word' id='word_1_107' title='bbox 262 2207 369 2274; x_wconf 90' lang='lat' dir='ltr'>nsque</span> <span class='ocrx_word' id='word_1_108' title='bbox 394 2187 437 2254; x_wconf 94' lang='lat' dir='ltr'>ad</span> <span class='ocrx_word' id='word_1_109' title='bbox 461 2187 718 2279; x_wconf 90' lang='lat' dir='ltr'>Blemmyarum</span> <span class='ocrx_word' id='word_1_110' title='bbox 744 2186 893 2255; x_wconf 86' lang='lat' dir='ltr'>confinia</span> <span class='ocrx_word' id='word_1_111' title='bbox 915 2187 1104 2255; x_wconf 87' lang='lat' dir='ltr'>Saracenos</span> <span class='ocrx_word' id='word_1_112' title='bbox 1125 2207 1326 2276; x_wconf 87' lang='lat' dir='ltr'>progressos</span> <span class='ocrx_word' id='word_1_113' title='bbox 1352 2207 1428 2252; x_wconf 91' lang='lat' dir='ltr'>esse</span> 
     </span>
    </p>
   </div>
   <div class='ocr_carea' id='block_1_3' title="bbox 262 2300 1532 2393">
    <p class='ocr_par' dir='ltr' id='par_1_4' title="bbox 262 2288 1666 2393">
     <span class='ocr_line' id='line_1_16' title="bbox 262 2300 1532 2393; baseline -0.009 -26"><span class='ocrx_word' id='word_1_114' title='bbox 262 2301 483 2371; x_wconf 83' lang='lat' dir='ltr'>enuntiavit⁸.</span> <span class='ocrx_word' id='word_1_115' title='bbox 507 2304 591 2386; x_wconf 80' lang='lat' dir='ltr'>Quae</span> <span class='ocrx_word' id='word_1_116' title='bbox 616 2326 696 2372; x_wconf 92' lang='lat' dir='ltr'>eum</span> <span class='ocrx_word' id='word_1_117' title='bbox 721 2301 999 2393; x_wconf 87' lang='lat' dir='ltr'>ageograpbicis</span> <span class='ocrx_word' id='word_1_118' title='bbox 1015 2300 1338 2389; x_wconf 84' lang='lat' dir='ltr'>investigationibus</span> <span class='ocrx_word' id='word_1_119' title='bbox 1357 2323 1427 2368; x_wconf 92' lang='lat' dir='ltr'>non</span> <span class='ocrx_word' id='word_1_120' title='bbox 1529 2381 1532 2385; x_wconf 76' lang='lat'>.</span> 
     </span>
    </p>
   </div>
   <div class='ocr_carea' id='block_1_4' title="bbox 259 2417 1427 2742">
    <p class='ocr_par' dir='ltr' id='par_1_5' title="bbox 259 2417 1427 2742">
     <span class='ocr_line' id='line_1_17' title="bbox 261 2417 809 2487; baseline 0.005 -5"><span class='ocrx_word' id='word_1_121' title='bbox 261 2417 412 2486; x_wconf 92' lang='lat' dir='ltr'>alienum</span> <span class='ocrx_word' id='word_1_122' title='bbox 429 2442 503 2486; x_wconf 88' lang='lat' dir='ltr'>esse</span> <span class='ocrx_word' id='word_1_123' title='bbox 520 2419 809 2487; x_wconf 85' lang='lat' dir='ltr'>demonstrantur.</span> 
     </span>
     <span class='ocr_line' id='line_1_18' title="bbox 304 2532 1427 2623; baseline 0 -23"><span class='ocrx_word' id='word_1_124' title='bbox 304 2534 509 2604; x_wconf 82' lang='lat' dir='ltr'>Ammianus</span> <span class='ocrx_word' id='word_1_125' title='bbox 525 2545 652 2619; x_wconf 90' lang='lat' dir='ltr'>autem,</span> <span class='ocrx_word' id='word_1_126' title='bbox 670 2559 738 2604; x_wconf 92' lang='lat' dir='ltr'>non</span> <span class='ocrx_word' id='word_1_127' title='bbox 765 2544 897 2603; x_wconf 88' lang='lat' dir='ltr'>tantum</span> <span class='ocrx_word' id='word_1_128' title='bbox 920 2534 1153 2623; x_wconf 82' lang='lat' dir='ltr'>geographus,</span> <span class='ocrx_word' id='word_1_129' title='bbox 1177 2532 1356 2601; x_wconf 85' lang='lat' dir='ltr'>sedetiam</span> <span class='ocrx_word' id='word_1_130' title='bbox 1375 2556 1427 2600; x_wconf 91' lang='lat' dir='ltr'>re-</span> 
     </span>
     <span class='ocr_line' id='line_1_19' title="bbox 259 2648 1426 2742; baseline 0.002 -28"><span class='ocrx_word' id='word_1_131' title='bbox 259 2671 336 2716; x_wconf 89' lang='lat' dir='ltr'>rum</span> <span class='ocrx_word' id='word_1_132' title='bbox 360 2652 515 2741; x_wconf 82' lang='lat' dir='ltr'>scriptor,</span> <span class='ocrx_word' id='word_1_133' title='bbox 535 2653 570 2719; x_wconf 91' lang='lat' dir='ltr'>in</span> <span class='ocrx_word' id='word_1_134' title='bbox 592 2653 645 2721; x_wconf 89' lang='lat' dir='ltr'>bis</span> <span class='ocrx_word' id='word_1_135' title='bbox 660 2651 707 2742; x_wconf 38' lang='lat' dir='ltr'>{de</span> <span class='ocrx_word' id='word_1_136' title='bbox 730 2652 853 2742; x_wconf 91' lang='lat' dir='ltr'>quibus</span> <span class='ocrx_word' id='word_1_137' title='bbox 870 2649 1083 2730; x_wconf 88' lang='lat' dir='ltr'>disserimus,</span> <span class='ocrx_word' id='word_1_138' title='bbox 1107 2648 1285 2716; x_wconf 90' lang='lat' dir='ltr'>habendus</span> <span class='ocrx_word' id='word_1_139' title='bbox 1308 2659 1369 2718; x_wconf 88' lang='lat' dir='ltr'>est.</span> <span class='ocrx_word' id='word_1_140' title='bbox 1391 2651 1426 2718; x_wconf 91' lang='lat' dir='ltr'>Is</span> 
     </span>
    </p>
   </div>
   <div class='ocr_carea' id='block_1_5' title="bbox 256 2765 1477 3182">
    <p class='ocr_par' dir='ltr' id='par_1_6' title="bbox 256 2765 1477 3182">
     <span class='ocr_line' id='line_1_20' title="bbox 260 2765 1423 2859; baseline 0 -27"><span class='ocrx_word' id='word_1_141' title='bbox 260 2767 351 2834; x_wconf 91' lang='lat' dir='ltr'>enim</span> <span class='ocrx_word' id='word_1_142' title='bbox 367 2770 542 2837; x_wconf 91' lang='lat' dir='ltr'>nonnullis</span> <span class='ocrx_word' id='word_1_143' title='bbox 565 2768 735 2859; x_wconf 90' lang='lat' dir='ltr'>prioribus</span> <span class='ocrx_word' id='word_1_144' title='bbox 757 2767 966 2850; x_wconf 90' lang='lat' dir='ltr'>auctoribus,</span> <span class='ocrx_word' id='word_1_145' title='bbox 986 2766 1080 2835; x_wconf 88' lang='lat' dir='ltr'>velut</span> <span class='ocrx_word' id='word_1_146' title='bbox 1096 2765 1267 2850; x_wconf 89' lang='lat' dir='ltr'>Straboni,</span> <span class='ocrx_word' id='word_1_147' title='bbox 1282 2766 1423 2833; x_wconf 91' lang='lat' dir='ltr'>Diodori</span> 
     </span>
     <span class='ocr_line' id='line_1_21' title="bbox 259 2881 1421 2975; baseline 0.002 -29"><span class='ocrx_word' id='word_1_148' title='bbox 259 2881 387 2968; x_wconf 89' lang='lat' dir='ltr'>Siculo,</span> <span class='ocrx_word' id='word_1_149' title='bbox 405 2884 570 2975; x_wconf 90' lang='lat' dir='ltr'>Dionysio</span> <span class='ocrx_word' id='word_1_150' title='bbox 586 2882 894 2962; x_wconf 87' lang='lat' dir='ltr'>Halicarnasseusi‚</span> <span class='ocrx_word' id='word_1_151' title='bbox 913 2883 971 2972; x_wconf 92' lang='lat' dir='ltr'>qui</span> <span class='ocrx_word' id='word_1_152' title='bbox 984 2881 1249 2970; x_wconf 82' lang='lat' dir='ltr'>Augustiaetate</span> <span class='ocrx_word' id='word_1_153' title='bbox 1265 2881 1421 2970; x_wconf 85' lang='lat' dir='ltr'>gentium</span> 
     </span>
     <span class='ocr_line' id='line_1_22' title="bbox 257 2997 1477 3096; baseline 0.002 -33"><span class='ocrx_word' id='word_1_154' title='bbox 257 2998 408 3088; x_wconf 86' lang='lat' dir='ltr'>origines</span> <span class='ocrx_word' id='word_1_155' title='bbox 433 3023 641 3090; x_wconf 82' lang='lat' dir='ltr'>cognoscere</span> <span class='ocrx_word' id='word_1_156' title='bbox 656 2999 883 3096; x_wconf 81' lang='lat' dir='ltr'>studuerunt,</span> <span class='ocrx_word' id='word_1_157' title='bbox 904 2997 1149 3066; x_wconf 88' lang='lat' dir='ltr'>adscribendus</span> <span class='ocrx_word' id='word_1_158' title='bbox 1169 3019 1243 3066; x_wconf 91' lang='lat' dir='ltr'>esse</span> <span class='ocrx_word' id='word_1_159' title='bbox 1266 2997 1351 3063; x_wconf 90' lang='lat' dir='ltr'>mihi</span> <span class='ocrx_word' id='word_1_160' title='bbox 1370 2998 1422 3065; x_wconf 92' lang='lat' dir='ltr'>vi·</span> <span class='ocrx_word' id='word_1_161' title='bbox 1472 3019 1477 3032; x_wconf 92' lang='lat'><strong>·</strong></span> 
     </span>
     <span class='ocr_line' id='line_1_23' title="bbox 256 3112 364 3182; baseline 0.037 -4"><span class='ocrx_word' id='word_1_162' title='bbox 256 3112 364 3182; x_wconf 88' lang='lat' dir='ltr'>delur.</span> 
     </span>
    </p>
   </div>
   <div class='ocr_carea' id='block_1_6' title="bbox 254 3233 1420 3556">
    <p class='ocr_par' dir='ltr' id='par_1_7' title="bbox 254 3233 1420 3556">
     <span class='ocr_line' id='line_1_24' title="bbox 300 3233 1420 3323; baseline -0.001 -22"><span class='ocrx_word' id='word_1_163' title='bbox 300 3235 375 3301; x_wconf 93' lang='lat' dir='ltr'>Non</span> <span class='ocrx_word' id='word_1_164' title='bbox 399 3234 475 3301; x_wconf 90' lang='lat' dir='ltr'>ideo</span> <span class='ocrx_word' id='word_1_165' title='bbox 501 3236 668 3302; x_wconf 83' lang='lat' dir='ltr'>contendo</span> <span class='ocrx_word' id='word_1_166' title='bbox 702 3234 810 3302; x_wconf 90' lang='lat' dir='ltr'>multa</span> <span class='ocrx_word' id='word_1_167' title='bbox 840 3234 882 3302; x_wconf 91' lang='lat' dir='ltr'>ad</span> <span class='ocrx_word' id='word_1_168' title='bbox 909 3235 997 3302; x_wconf 89' lang='lat' dir='ltr'>hanc</span> <span class='ocrx_word' id='word_1_169' title='bbox 1021 3255 1090 3301; x_wconf 92' lang='lat' dir='ltr'>rem</span> <span class='ocrx_word' id='word_1_170' title='bbox 1117 3233 1324 3323; x_wconf 87' lang='lat' dir='ltr'>pertinentia</span> <span class='ocrx_word' id='word_1_171' title='bbox 1349 3255 1420 3300; x_wconf 91' lang='lat' dir='ltr'>non</span> 
     </span>
     <span class='ocr_line' id='line_1_25' title="bbox 256 3346 1415 3441; baseline 0.003 -29"><span class='ocrx_word' id='word_1_172' title='bbox 256 3346 384 3416; x_wconf 88' lang='lat' dir='ltr'>deesse.</span> <span class='ocrx_word' id='word_1_173' title='bbox 403 3348 460 3417; x_wconf 88' lang='lat' dir='ltr'>Sic</span> <span class='ocrx_word' id='word_1_174' title='bbox 484 3349 628 3418; x_wconf 87' lang='lat' dir='ltr'>fortasse</span> <span class='ocrx_word' id='word_1_175' title='bbox 646 3350 826 3418; x_wconf 87' lang='lat' dir='ltr'>mirabitur</span> <span class='ocrx_word' id='word_1_176' title='bbox 840 3350 963 3440; x_wconf 91' lang='lat' dir='ltr'>aliquis</span> <span class='ocrx_word' id='word_1_177' title='bbox 990 3349 1081 3441; x_wconf 90' lang='lat' dir='ltr'>quod</span> <span class='ocrx_word' id='word_1_178' title='bbox 1107 3349 1147 3416; x_wconf 89' lang='lat' dir='ltr'>de</span> <span class='ocrx_word' id='word_1_179' title='bbox 1169 3349 1415 3416; x_wconf 91' lang='lat' dir='ltr'>nonnullorum</span> 
     </span>
     <span class='ocr_line' id='line_1_26' title="bbox 254 3464 1418 3556; baseline 0 -26"><span class='ocrx_word' id='word_1_180' title='bbox 254 3485 497 3551; x_wconf 91' lang='lat' dir='ltr'>germanorum</span> <span class='ocrx_word' id='word_1_181' title='bbox 512 3467 719 3556; x_wconf 91' lang='lat' dir='ltr'>populorum</span> <span class='ocrx_word' id='word_1_182' title='bbox 737 3466 870 3553; x_wconf 89' lang='lat' dir='ltr'>origine</span> <span class='ocrx_word' id='word_1_183' title='bbox 892 3465 977 3533; x_wconf 91' lang='lat' dir='ltr'>nihil</span> <span class='ocrx_word' id='word_1_184' title='bbox 993 3464 1181 3532; x_wconf 87' lang='lat' dir='ltr'>tradiderit.</span> <span class='ocrx_word' id='word_1_185' title='bbox 1209 3465 1365 3546; x_wconf 84' lang='lat' dir='ltr'>Proiecto</span> <span class='ocrx_word' id='word_1_186' title='bbox 1377 3488 1418 3532; x_wconf 83' lang='lat' dir='ltr'>ex</span> 
     </span>
    </p>
   </div>
   <div class='ocr_carea' id='block_1_7' title="bbox 248 3749 1419 4783">
    <p class='ocr_par' dir='ltr' id='par_1_8' title="bbox 286 3749 935 3818">
     <span class='ocr_line' id='line_1_27' title="bbox 286 3749 935 3818; baseline 0.009 -23"><span class='ocrx_word' id='word_1_187' title='bbox 286 3749 308 3798; x_wconf 84' lang='lat'>1.</span> <span class='ocrx_word' id='word_1_188' title='bbox 327 3749 364 3800; x_wconf 82' lang='lat' dir='ltr'>cf.</span> <span class='ocrx_word' id='word_1_189' title='bbox 374 3751 537 3810; x_wconf 73' lang='lat' dir='ltr'>Mollenhott</span> <span class='ocrx_word' id='word_1_190' title='bbox 557 3751 606 3802; x_wconf 85' lang='lat' dir='ltr'>loc.</span> <span class='ocrx_word' id='word_1_191' title='bbox 618 3753 675 3813; x_wconf 65' lang='lat' dir='ltr'>cit,</span> <span class='ocrx_word' id='word_1_192' title='bbox 686 3754 710 3802; x_wconf 85' lang='lat'>3.</span> <span class='ocrx_word' id='word_1_193' title='bbox 725 3753 818 3813; x_wconf 77' lang='lat' dir='ltr'>fland,</span> <span class='ocrx_word' id='word_1_194' title='bbox 839 3753 880 3818; x_wconf 68' lang='lat' dir='ltr'>lp..</span> <span class='ocrx_word' id='word_1_195' title='bbox 897 3755 935 3802; x_wconf 90' lang='lat'>86.</span> 
     </span>
    </p>

    <p class='ocr_par' dir='ltr' id='par_1_9' title="bbox 252 3823 1417 3977">
     <span class='ocr_line' id='line_1_28' title="bbox 284 3823 1417 3897; baseline 0.002 -21"><span class='ocrx_word' id='word_1_196' title='bbox 284 3827 307 3878; x_wconf 71' lang='grc'>1.</span> <span class='ocrx_word' id='word_1_197' title='bbox 326 3829 423 3881; x_wconf 82' lang='lat' dir='ltr'>Confer</span> <span class='ocrx_word' id='word_1_198' title='bbox 436 3832 530 3882; x_wconf 86' lang='lat' dir='ltr'>Virien</span> <span class='ocrx_word' id='word_1_199' title='bbox 545 3833 578 3882; x_wconf 85' lang='lat' dir='ltr'>de</span> <span class='ocrx_word' id='word_1_200' title='bbox 596 3833 795 3894; x_wconf 76' lang='lat' dir='ltr'>Salui-Martia,</span> <span class='ocrx_word' id='word_1_201' title='bbox 806 3823 893 3882; x_wconf 73' lang='lat' dir='ltr'>titudo</span> <span class='ocrx_word' id='word_1_202' title='bbox 903 3834 935 3882; x_wconf 84' lang='lat' dir='ltr'>de</span> <span class='ocrx_word' id='word_1_203' title='bbox 945 3832 1104 3897; x_wconf 72' lang='lat' dir='ltr'>qceprapbie</span> <span class='ocrx_word' id='word_1_204' title='bbox 1120 3833 1248 3890; x_wconf 79' lang='lat' dir='ltr'>ancienne</span> <span class='ocrx_word' id='word_1_205' title='bbox 1257 3835 1283 3880; x_wconf 83' lang='lat' dir='ltr'>et</span> <span class='ocrx_word' id='word_1_206' title='bbox 1299 3829 1417 3880; x_wconf 58' lang='grc' dir='ltr'>11111111ι</span> 
     </span>
     <span class='ocr_line' id='line_1_29' title="bbox 252 3910 1050 3977; baseline 0.006 -21"><span class='ocrx_word' id='word_1_207' title='bbox 252 3910 361 3973; x_wconf 71' lang='lat' dir='ltr'>qrapbie</span> <span class='ocrx_word' id='word_1_208' title='bbox 378 3913 519 3977; x_wconf 74' lang='lat' dir='ltr'>aetatique,</span> <span class='ocrx_word' id='word_1_209' title='bbox 536 3914 604 3973; x_wconf 82' lang='grc'><strong>1853,</strong></span> <span class='ocrx_word' id='word_1_210' title='bbox 621 3928 647 3976; x_wconf 92' lang='lat' dir='ltr'>p.</span> <span class='ocrx_word' id='word_1_211' title='bbox 664 3916 716 3975; x_wconf 83' lang='lat'>109,</span> <span class='ocrx_word' id='word_1_212' title='bbox 736 3915 778 3964; x_wconf 85' lang='grc'>116</span> <span class='ocrx_word' id='word_1_213' title='bbox 794 3916 821 3964; x_wconf 89' lang='lat' dir='ltr'>et</span> <span class='ocrx_word' id='word_1_214' title='bbox 838 3916 907 3962; x_wconf 81' lang='lat' dir='ltr'>suiv.</span> <span class='ocrx_word' id='word_1_215' title='bbox 1048 3917 1050 3920; x_wconf 77' lang='grc'>’</span> 
     </span>
    </p>

    <p class='ocr_par' dir='ltr' id='par_1_10' title="bbox 248 3989 1419 4298">
     <span class='ocr_line' id='line_1_30' title="bbox 282 3989 1418 4057; baseline 0.001 -21"><span class='ocrx_word' id='word_1_216' title='bbox 282 3989 398 4040; x_wconf 88' lang='lat' dir='ltr'>Halanos</span> <span class='ocrx_word' id='word_1_217' title='bbox 412 4006 496 4057; x_wconf 89' lang='lat' dir='ltr'>prope</span> <span class='ocrx_word' id='word_1_218' title='bbox 510 3994 606 4043; x_wconf 85' lang='lat' dir='ltr'>latrum</span> <span class='ocrx_word' id='word_1_219' title='bbox 622 3993 743 4044; x_wconf 85' lang='lat' dir='ltr'>Valerius</span> <span class='ocrx_word' id='word_1_220' title='bbox 758 3995 868 4044; x_wconf 84' lang='lat' dir='ltr'>Flaccus</span> <span class='ocrx_word' id='word_1_221' title='bbox 884 3994 910 4042; x_wconf 90' lang='lat' dir='ltr'>et</span> <span class='ocrx_word' id='word_1_222' title='bbox 926 3994 1026 4044; x_wconf 85' lang='lat' dir='ltr'>Seneca</span> <span class='ocrx_word' id='word_1_223' title='bbox 1040 3993 1254 4051; x_wconf 84' lang='lat' dir='ltr'>collocave1·unt;</span> <span class='ocrx_word' id='word_1_224' title='bbox 1272 3991 1418 4057; x_wconf 78' lang='lat' dir='ltr'>proximos,</span> 
     </span>
     <span class='ocr_line' id='line_1_31' title="bbox 254 4069 1419 4138; baseline 0 -21"><span class='ocrx_word' id='word_1_225' title='bbox 254 4069 394 4121; x_wconf 82' lang='lat' dir='ltr'>Roxolanis</span> <span class='ocrx_word' id='word_1_226' title='bbox 409 4073 502 4123; x_wconf 84' lang='lat' dir='ltr'>habuit</span> <span class='ocrx_word' id='word_1_227' title='bbox 516 4074 632 4136; x_wconf 84' lang='lat' dir='ltr'>Plinius;</span> <span class='ocrx_word' id='word_1_228' title='bbox 646 4075 717 4124; x_wconf 87' lang='lat' dir='ltr'>iuter</span> <span class='ocrx_word' id='word_1_229' title='bbox 730 4077 815 4125; x_wconf 84' lang='lat' dir='ltr'>Dacos</span> <span class='ocrx_word' id='word_1_230' title='bbox 828 4079 854 4126; x_wconf 85' lang='lat' dir='ltr'>ot</span> <span class='ocrx_word' id='word_1_231' title='bbox 868 4077 968 4125; x_wconf 82' lang='lat' dir='ltr'>&#39;lauros</span> <span class='ocrx_word' id='word_1_232' title='bbox 990 4087 1036 4124; x_wconf 87' lang='lat' dir='ltr'>eos</span> <span class='ocrx_word' id='word_1_233' title='bbox 1051 4073 1143 4138; x_wconf 87' lang='lat' dir='ltr'>posuit</span> <span class='ocrx_word' id='word_1_234' title='bbox 1158 4073 1306 4135; x_wconf 86' lang='lat' dir='ltr'>Dionysius</span> <span class='ocrx_word' id='word_1_235' title='bbox 1330 4069 1419 4120; x_wconf 77' lang='lat' dir='ltr'>Perie-</span> 
     </span>
     <span class='ocr_line' id='line_1_32' title="bbox 251 4152 1418 4219; baseline -0.002 -21"><span class='ocrx_word' id='word_1_236' title='bbox 251 4154 334 4212; x_wconf 80' lang='lat' dir='ltr'>getes.</span> <span class='ocrx_word' id='word_1_237' title='bbox 352 4153 389 4201; x_wconf 88' lang='lat' dir='ltr'>Cl.</span> <span class='ocrx_word' id='word_1_238' title='bbox 402 4154 472 4217; x_wconf 89' lang='lat' dir='ltr'>apud</span> <span class='ocrx_word' id='word_1_239' title='bbox 484 4156 625 4204; x_wconf 85' lang='lat' dir='ltr'>Mtlllerum</span> <span class='ocrx_word' id='word_1_240' title='bbox 641 4171 646 4205; x_wconf 94' lang='lat'>:</span> <span class='ocrx_word' id='word_1_241' title='bbox 675 4156 821 4219; x_wconf 74' lang='lat' dir='ltr'>Geoqruplzi</span> <span class='ocrx_word' id='word_1_242' title='bbox 839 4157 962 4217; x_wconf 83' lang='lat' dir='ltr'>minores,</span> <span class='ocrx_word' id='word_1_243' title='bbox 977 4159 996 4204; x_wconf 88' lang='lat' dir='ltr'>t.</span> <span class='ocrx_word' id='word_1_244' title='bbox 1013 4154 1053 4203; x_wconf 92' lang='lat' dir='ltr'>ll:</span> <span class='ocrx_word' id='word_1_245' title='bbox 1069 4154 1227 4217; x_wconf 80' lang='lat' dir='ltr'>Dionysium</span> <span class='ocrx_word' id='word_1_246' title='bbox 1244 4152 1418 4214; x_wconf 83' lang='lat' dir='ltr'>Periegetem,</span> 
     </span>
     <span class='ocr_line' id='line_1_33' title="bbox 248 4229 1039 4298; baseline 0.006 -19"><span class='ocrx_word' id='word_1_247' title='bbox 248 4229 295 4293; x_wconf 61' lang='grc' dir='ltr'>φῖ,</span> <span class='ocrx_word' id='word_1_248' title='bbox 312 4233 365 4292; x_wconf 86' lang='grc'><strong>119,</strong></span> <span class='ocrx_word' id='word_1_249' title='bbox 379 4236 450 4294; x_wconf 83' lang='lat' dir='ltr'>nota,</span> <span class='ocrx_word' id='word_1_250' title='bbox 463 4235 493 4294; x_wconf 91' lang='lat' dir='ltr'>V,</span> <span class='ocrx_word' id='word_1_251' title='bbox 510 4237 570 4298; x_wconf 80' lang='lat'>3⁰53</span> <span class='ocrx_word' id='word_1_252' title='bbox 587 4237 646 4286; x_wconf 83' lang='lat' dir='ltr'>vide</span> <span class='ocrx_word' id='word_1_253' title='bbox 661 4237 759 4294; x_wconf 73' lang='lat' dir='ltr'>dmm„</span> <span class='ocrx_word' id='word_1_254' title='bbox 773 4237 858 4297; x_wconf 83' lang='grc' dir='ltr'><strong>ΧΧΧΙ,</strong></span> <span class='ocrx_word' id='word_1_255' title='bbox 879 4239 902 4297; x_wconf 82' lang='lat'>2,</span> <span class='ocrx_word' id='word_1_256' title='bbox 914 4239 941 4285; x_wconf 80' lang='lat'>21</span> <span class='ocrx_word' id='word_1_257' title='bbox 961 4238 986 4284; x_wconf 89' lang='lat' dir='ltr'>et</span> <span class='ocrx_word' id='word_1_258' title='bbox 1002 4237 1039 4284; x_wconf 86' lang='grc'>16.</span> 
     </span>
    </p>

    <p class='ocr_par' dir='ltr' id='par_1_11' title="bbox 249 4312 1419 4783">
     <span class='ocr_line' id='line_1_34' title="bbox 281 4312 1419 4380; baseline -0.001 -21"><span class='ocrx_word' id='word_1_259' title='bbox 281 4312 303 4360; x_wconf 92' lang='grc'>3.</span> <span class='ocrx_word' id='word_1_260' title='bbox 321 4313 469 4364; x_wconf 84' lang='lat' dir='ltr'>Saracenos</span> <span class='ocrx_word' id='word_1_261' title='bbox 483 4317 512 4364; x_wconf 92' lang='lat' dir='ltr'>in</span> <span class='ocrx_word' id='word_1_262' title='bbox 527 4317 639 4367; x_wconf 86' lang='lat' dir='ltr'>desertis</span> <span class='ocrx_word' id='word_1_263' title='bbox 649 4318 988 4380; x_wconf 78' lang='lat' dir='ltr'>blesopotamiaepartibns,</span> <span class='ocrx_word' id='word_1_264' title='bbox 1005 4320 1030 4365; x_wconf 90' lang='lat' dir='ltr'>et</span> <span class='ocrx_word' id='word_1_265' title='bbox 1048 4315 1164 4378; x_wconf 63' lang='lat' dir='ltr'>antiquar</span> <span class='ocrx_word' id='word_1_266' title='bbox 1178 4313 1328 4378; x_wconf 80' lang='lat' dir='ltr'>Caelesyriae</span> <span class='ocrx_word' id='word_1_267' title='bbox 1343 4324 1419 4360; x_wconf 78' lang='lat' dir='ltr'>mon·</span> 
     </span>
     <span class='ocr_line' id='line_1_35' title="bbox 249 4388 1418 4462; baseline 0 -24"><span class='ocrx_word' id='word_1_268' title='bbox 249 4391 321 4444; x_wconf 89' lang='lat' dir='ltr'>tibus</span> <span class='ocrx_word' id='word_1_269' title='bbox 334 4394 431 4445; x_wconf 86' lang='lat' dir='ltr'>locavit</span> <span class='ocrx_word' id='word_1_270' title='bbox 443 4398 547 4458; x_wconf 89' lang='lat' dir='ltr'>Strabo,</span> <span class='ocrx_word' id='word_1_271' title='bbox 555 4399 639 4458; x_wconf 80' lang='lat' dir='ltr'>XVl,2</span> <span class='ocrx_word' id='word_1_272' title='bbox 652 4401 678 4448; x_wconf 90' lang='lat' dir='ltr'>et</span> <span class='ocrx_word' id='word_1_273' title='bbox 693 4413 784 4462; x_wconf 65' lang='lat' dir='ltr'>semp,</span> <span class='ocrx_word' id='word_1_274' title='bbox 796 4399 823 4447; x_wconf 92' lang='lat' dir='ltr'>iu</span> <span class='ocrx_word' id='word_1_275' title='bbox 835 4399 948 4447; x_wconf 78' lang='lat' dir='ltr'>Asiatica</span> <span class='ocrx_word' id='word_1_276' title='bbox 964 4400 1040 4461; x_wconf 88' lang='lat' dir='ltr'>parte</span> <span class='ocrx_word' id='word_1_277' title='bbox 1051 4388 1076 4460; x_wconf 65' lang='grc' dir='ltr'>(ι’</span> <span class='ocrx_word' id='word_1_278' title='bbox 1097 4406 1103 4435; x_wconf 72' lang='lat'>2</span> <span class='ocrx_word' id='word_1_279' title='bbox 1115 4411 1133 4459; x_wconf 52' lang='lat' dir='ltr'>a</span> <span class='ocrx_word' id='word_1_280' title='bbox 1144 4395 1261 4446; x_wconf 79' lang='lat' dir='ltr'>maxime</span> <span class='ocrx_word' id='word_1_281' title='bbox 1279 4394 1313 4444; x_wconf 91' lang='lat' dir='ltr'>ad</span> <span class='ocrx_word' id='word_1_282' title='bbox 1325 4392 1418 4442; x_wconf 88' lang='lat' dir='ltr'>Orien·</span> 
     </span>
     <span class='ocr_line' id='line_1_36' title="bbox 250 4472 1417 4543; baseline -0.003 -21"><span class='ocrx_word' id='word_1_283' title='bbox 250 4475 304 4523; x_wconf 80' lang='lat' dir='ltr'>tem</span> <span class='ocrx_word' id='word_1_284' title='bbox 319 4475 379 4536; x_wconf 85' lang='lat' dir='ltr'>sito,</span> <span class='ocrx_word' id='word_1_285' title='bbox 395 4478 475 4540; x_wconf 90' lang='lat' dir='ltr'>atque</span> <span class='ocrx_word' id='word_1_286' title='bbox 489 4479 517 4526; x_wconf 91' lang='grc'>11</span> <span class='ocrx_word' id='word_1_287' title='bbox 530 4492 562 4528; x_wconf 85' lang='lat' dir='ltr'>ea</span> <span class='ocrx_word' id='word_1_288' title='bbox 576 4479 699 4528; x_wconf 77' lang='lat' dir='ltr'>Africana</span> <span class='ocrx_word' id='word_1_289' title='bbox 713 4482 790 4541; x_wconf 86' lang='lat' dir='ltr'>parte</span> <span class='ocrx_word' id='word_1_290' title='bbox 805 4493 865 4543; x_wconf 83' lang='lat' dir='ltr'>quae</span> <span class='ocrx_word' id='word_1_291' title='bbox 878 4480 911 4528; x_wconf 89' lang='lat' dir='ltr'>ad</span> <span class='ocrx_word' id='word_1_292' title='bbox 923 4479 1097 4541; x_wconf 88' lang='lat' dir='ltr'>Septentrion</span> <span class='ocrx_word' id='word_1_293' title='bbox 1115 4526 1118 4533; x_wconf 77' lang='grc'><strong>,</strong></span> <span class='ocrx_word' id='word_1_294' title='bbox 1143 4488 1147 4495; x_wconf 95' lang='grc'><em>·</em></span> <span class='ocrx_word' id='word_1_295' title='bbox 1163 4476 1320 4541; x_wconf 85' lang='lat' dir='ltr'>porrigitur,</span> <span class='ocrx_word' id='word_1_296' title='bbox 1337 4486 1353 4522; x_wconf 92' lang='lat' dir='ltr'>a</span> <span class='ocrx_word' id='word_1_297' title='bbox 1368 4472 1417 4520; x_wconf 87' lang='lat' dir='ltr'>Pe-</span> 
     </span>
     <span class='ocr_line' id='line_1_37' title="bbox 250 4550 1417 4623; baseline 0.003 -24"><span class='ocrx_word' id='word_1_298' title='bbox 250 4550 320 4601; x_wconf 87' lang='lat' dir='ltr'>lusio</span> <span class='ocrx_word' id='word_1_299' title='bbox 335 4567 420 4618; x_wconf 86' lang='lat' dir='ltr'>usque</span> <span class='ocrx_word' id='word_1_300' title='bbox 435 4554 469 4605; x_wconf 91' lang='lat' dir='ltr'>ad</span> <span class='ocrx_word' id='word_1_301' title='bbox 480 4569 553 4606; x_wconf 86' lang='lat' dir='ltr'>mare</span> <span class='ocrx_word' id='word_1_302' title='bbox 571 4557 700 4619; x_wconf 86' lang='lat' dir='ltr'>Rubrum,</span> <span class='ocrx_word' id='word_1_303' title='bbox 715 4574 760 4609; x_wconf 89' lang='lat' dir='ltr'>eos</span> <span class='ocrx_word' id='word_1_304' title='bbox 774 4560 865 4623; x_wconf 89' lang='lat' dir='ltr'>posuit</span> <span class='ocrx_word' id='word_1_305' title='bbox 876 4559 985 4618; x_wconf 83' lang='lat' dir='ltr'>Plinius,</span> <span class='ocrx_word' id='word_1_306' title='bbox 993 4560 1034 4616; x_wconf 87' lang='lat' dir='ltr'>vt,</span> <span class='ocrx_word' id='word_1_307' title='bbox 1052 4559 1066 4605; x_wconf 87' lang='lat'>8</span> <span class='ocrx_word' id='word_1_308' title='bbox 1080 4561 1107 4606; x_wconf 89' lang='lat' dir='ltr'>et</span> <span class='ocrx_word' id='word_1_309' title='bbox 1120 4572 1172 4621; x_wconf 57' lang='lat' dir='ltr'>seq:</span> <span class='ocrx_word' id='word_1_310' title='bbox 1183 4571 1196 4620; x_wconf 64' lang='grc' dir='ltr'>ζ.</span> <span class='ocrx_word' id='word_1_311' title='bbox 1209 4556 1294 4606; x_wconf 88' lang='lat' dir='ltr'>Multo</span> <span class='ocrx_word' id='word_1_312' title='bbox 1307 4551 1417 4616; x_wconf 84' lang='lat' dir='ltr'>longius</span> 
     </span>
     <span class='ocr_line' id='line_1_38' title="bbox 249 4631 1418 4705; baseline -0.003 -25"><span class='ocrx_word' id='word_1_313' title='bbox 249 4631 279 4680; x_wconf 90' lang='lat' dir='ltr'>iu</span> <span class='ocrx_word' id='word_1_314' title='bbox 293 4634 468 4685; x_wconf 87' lang='lat' dir='ltr'>interioribus</span> <span class='ocrx_word' id='word_1_315' title='bbox 485 4636 581 4686; x_wconf 82' lang='lat' dir='ltr'>Atrioae</span> <span class='ocrx_word' id='word_1_316' title='bbox 598 4641 675 4688; x_wconf 85' lang='lat' dir='ltr'>terris</span> <span class='ocrx_word' id='word_1_317' title='bbox 700 4642 781 4702; x_wconf 83' lang='lat' dir='ltr'>atque</span> <span class='ocrx_word' id='word_1_318' title='bbox 804 4654 890 4705; x_wconf 87' lang='lat' dir='ltr'>prope</span> <span class='ocrx_word' id='word_1_319' title='bbox 908 4638 959 4688; x_wconf 86' lang='lat' dir='ltr'>Nili</span> <span class='ocrx_word' id='word_1_320' title='bbox 985 4638 1130 4686; x_wconf 83' lang='lat' dir='ltr'>cataractas</span> <span class='ocrx_word' id='word_1_321' title='bbox 1155 4633 1265 4687; x_wconf 87' lang='lat' dir='ltr'>eosdem</span> <span class='ocrx_word' id='word_1_322' title='bbox 1282 4631 1418 4700; x_wconf 88' lang='lat' dir='ltr'>promovit</span> 
     </span>
     <span class='ocr_line' id='line_1_39' title="bbox 249 4712 1246 4783; baseline 0.014 -23"><span class='ocrx_word' id='word_1_323' title='bbox 249 4712 415 4776; x_wconf 76' lang='lat' dir='ltr'>Ptolemaeus,</span> <span class='ocrx_word' id='word_1_324' title='bbox 429 4719 452 4776; x_wconf 88' lang='grc'>6,</span> <span class='ocrx_word' id='word_1_325' title='bbox 468 4720 490 4767; x_wconf 81' lang='lat' dir='ltr'>l.</span> <span class='ocrx_word' id='word_1_326' title='bbox 507 4744 537 4754; x_wconf 96' lang='lat'>-</span> <span class='ocrx_word' id='word_1_327' title='bbox 552 4717 615 4768; x_wconf 87' lang='lat' dir='ltr'>Vide</span> <span class='ocrx_word' id='word_1_328' title='bbox 630 4721 727 4782; x_wconf 66' lang='lat' dir='ltr'>dmm,</span> <span class='ocrx_word' id='word_1_329' title='bbox 742 4722 807 4783; x_wconf 86' lang='lat' dir='ltr'>XlV,</span> <span class='ocrx_word' id='word_1_330' title='bbox 822 4726 844 4781; x_wconf 83' lang='lat' dir='ltr'>t,</span> <span class='ocrx_word' id='word_1_331' title='bbox 866 4723 897 4770; x_wconf 61' lang='lat'>2:</span> <span class='ocrx_word' id='word_1_332' title='bbox 1243 4712 1246 4717; x_wconf 42' lang='lat'><em>⁴</em></span> 
     </span>
    </p>
   </div>
   <div class='ocr_carea' id='block_1_8' title="bbox 0 0 1684 5446">
    <p class='ocr_par' dir='ltr' id='par_1_12' title="bbox 0 0 1684 5446">
     <span class='ocr_line' id='line_1_40' title="bbox 0 0 1684 5446; baseline 0 7"><span class='ocrx_word' id='word_1_333' title='bbox 0 0 1684 5446; x_wconf 95' lang='lat' dir='ltr'> </span> 
     </span>
    </p>
   </div>
  </div>
 </body>
</html>
