3360 5446
786 498 1002 578 -11--Ι

304 655 448 731 mutata,
461 655 748 739 percunctaretur.
766 644 1019 714 Animadvertit
1034 654 1148 713 tamen
1165 644 1256 734 apud
1276 646 1401 748 Pepsas
1418 654 1477 713 aut

307 791 323 825 «
341 762 530 831 cessavisse
547 761 759 830 »1111111111
773 760 879 829 fuisse
893 760 1125 828 hunomorem
1140 782 1208 849 quo
1227 760 1473 851 «supersidere

305 880 399 950 corio
411 879 564 947 damnati
574 879 616 946 ob
627 877 841 969 iniquitatem
852 876 987 967 judices
995 876 1105 967 judex
1121 875 1210 943 alius
1222 875 1435 966 cogebatur»
1443 879 1470 964 ¹¹.

351 995 447 1064 Idem
461 1018 531 1063 non
547 993 711 1062 abstinuit
726 1015 746 1061 1
760 992 858 1060 11111
877 991 1058 1059 sententiis
1074 991 1114 1058 de
1130 990 1174 1058 iis
1191 992 1337 1082 puhlicis
1353 982 1470 1076 rebus,

307 1135 384 1205 quse
410 1110 501 1203 apud
521 1109 688 1202 quosdam
705 1108 850 1200 populos
875 1106 1050 1199 usquead
1075 1106 1141 1176 hoc
1165 1116 1301 1197 tempus
1329 1119 1474 1184 servatae

306 1229 452 1297 fuerant.
471 1226 592 1295 Nonne
607 1225 700 1294 enim
714 1223 845 1314 primus
862 1223 1023 1293 indicavit
1038 1224 1163 1315 quibus
1178 1224 1221 1306 in¹
1235 1224 1372 1293 casibus
1388 1207 1472 1293 Bur-

307 1343 499 1436 gundiones
525 1342 618 1431 regi¹
635 1363 805 1409 summam
819 1348 1023 1431 potestatem
1039 1340 1188 1409 adimere
1211 1341 1383 1411 solerent?
1398 1343 1473 1412 lmo

307 1460 440 1529 notavit
455 1458 538 1551 quid
552 1457 723 1549 peculiare
738 1456 866 1525 inesset
880 1456 1084 1525 Hunnorum
1102 1456 1257 1525 conciliis
1275 1476 1283 1525 :
1299 1457 1375 1524 «Et
1390 1457 1475 1526 deli-

307 1573 482 1643 beratione
510 1594 613 1663 super
633 1571 735 1640 rebus
766 1570 942 1662 proposita
963 1570 1075 1650 111111,
1103 1570 1227 1661 inquit,
1259 1571 1325 1638 hoo
1354 1569 1473 1639 habitu

307 1713 427 1762 omnes
442 1691 478 1759 in
502 1712 684 1759 commune
699 1689 905 1758 consultant.
921 1691 1081 1777 Aguntur
1104 1699 1219 1757 autem
1234 1689 1331 1757 nulla
1346 1690 1471 1769 severi-

305 1817 374 1876 tate
387 1807 494 1897 regali
511 1835 527 1869 »
541 1809 565 1878 ⁸.
576 1807 692 1896 Neque
708 1805 885 1896 ignorasse
900 1804 1034 1873 videtur
1043 1827 1118 1896 quae
1131 1804 1281 1874 secundo
1301 1806 1357 1874 vel
1371 1807 1471 1874 tertio

306 1920 910 2013 1111111111(11111111111111111
932 1921 1083 1991 fuerunt.
1106 1921 1282 1990 Nonnulla
1307 1922 1398 1990 enim
1414 1924 1472 1992 de-

305 2037 514 2130 prehendere
532 2037 624 2119 licet,
649 2046 685 2104 ut
704 2036 945 2106 animadvertit
966 2035 1088 2105 Fustel
1106 2037 1146 2104 de
1170 2038 1378 2128 Goulanges,
1395 2045 1477 2128 quae·

302 2156 453 2223 multum
477 2153 671 2242 discrepant
699 2154 741 2222 ab
763 2153 805 2221 iis
826 2176 903 2244 quae
925 2153 966 2221 de
983 2152 1102 2221 eodem
1123 2153 1252 2245 populo
1268 2163 1471 2244 exposuerat

302 2271 478 2340 Tacitus‘.

346 2386 502 2477 Denique
520 2384 739 2469 Ammianus,
755 2383 880 2474 quippe
901 2384 960 2474 qui
979 2383 1117 2452 natione
1145 2383 1284 2455 Graecus
1304 2396 1404 2475 atque
1429 2385 1470 2453 ab
1508 2466 1511 2471 Δ

302 2501 534 2571 adolescentia
548 2500 659 2592 prima
681 2498 879 2567 liberalibus
896 2499 1085 2591 disciplinis
1102 2510 1193 2570 esset
1210 2501 1401 2583 institutus,
1419 2501 1470 2569 lit·

300 2628 390 2688 teras
405 2627 574 2708 artesque,
589 2616 670 2685 dum
695 2625 803 2684 terras
824 2615 1063 2704 perlustraret,
1079 2640 1156 2708 quae
1181 2618 1273 2708 apud
1287 2617 1469 2708 AEgyptios

298 2737 382 2804 tuno
396 2734 574 2816 florebant,
587 2732 819 2821 cognoscendi
833 2732 900 2800 fuit
917 2731 1105 2801 studiosus.
1121 2733 1255 2824 Itaque,
1269 2755 1467 2826 quanquam

297 2848 335 2917 in
347 2848 516 2917 auxilium
532 2849 668 2917 vocavit
688 2857 858 2931 auctores,
875 2847 934 2938 qui
951 2848 1071 2915 eadem
1095 2849 1207 2939 priore
1230 2860 1328 2919 aetate
1344 2861 1469 2919 tracta·

296 2975 430 3050 verant,
448 2963 616 3032 nonnulla
630 2973 747 3032 tamen
759 2964 894 3032 curiose
911 2973 1089 3055 comperta
1102 2965 1244 3057 visaque
1262 2966 1303 3034 de
1320 2967 1468 3058 publicis

298 3082 440 3172 AEgypti
456 3079 622 3159 aediliciis,
639 3079 765 3161 Pharo,
787 3079 1006 3162 bibliotheca,
1030 3081 1191 3171 Serapeo,
1214 3092 1316 3173 atque
1337 3082 1468 3151 artibus

297 3197 556 3288 disciplinisque
572 3196 608 3263 in
631 3194 715 3263 urbe
732 3195 940 3264 Alexandria
960 3205 1042 3264 tuno
1063 3196 1166 3264 cultis
1186 3199 1304 3266 retulit
1319 3200 1352 3267 ⁸.
1369 3199 1468 3281 Quod

295 3315 351 3384 hic
368 3316 464 3384 locus
480 3314 563 3383 satis
579 3313 727 3382 declarat
742 3332 750 3381 :
763 3340 779 3376 «
795 3313 838 3381 Et
852 3334 1050 3404 quanquam
1068 3323 1201 3382 veteres
1219 3338 1297 3384 curn
1315 3315 1370 3383 his
1386 3338 1466 3406 quo-

294 3452 372 3497 rum
386 3428 527 3499 memini
542 3428 688 3497 floruere
710 3430 915 3517 complures,
942 3438 1057 3495 tamen
1088 3451 1129 3497 ne
1152 3452 1244 3498 nunc
1264 3431 1404 3520 quidem
1429 3432 1466 3499 in

294 3546 414 3614 eadem
446 3544 529 3613 urbe
559 3543 724 3611 doctrinae
749 3543 853 3612 variae
881 3544 1003 3619 silent:
1027 3566 1107 3612 nam
1142 3554 1176 3613 et
1199 3546 1462 3636 disciplinarum

293 3660 451 3750 magistri
462 3659 610 3751 quodam
621 3656 723 3725 modo
740 3658 870 3747 spirant
881 3658 1073 3727 etnudatur
1084 3659 1131 3727 ibi
1147 3660 1355 3750 geometrico
1365 3662 1460 3732 radio

294 3772 455 3865 quioquid
471 3771 684 3842 reconditum
701 3772 797 3854 latet,
814 3772 1037 3864 nondumque
1054 3776 1144 3862 apud
1159 3796 1218 3842 eos
1234 3775 1371 3865 penitus
1382 3797 1461 3843 exa·

292 3889 363 3957 ruit
383 3888 527 3974 musica,
546 3911 609 3957 nec
632 3887 831 3956 harmonica
846 3887 1021 3971 conticuit,
1037 3898 1071 3956 et
1097 3890 1224 3957 recalet
1246 3891 1336 3980 apud
1358 3913 1461 3982 quos-

294 4005 372 4073 dam
387 4004 498 4073 adhuc
518 4004 597 4072 licet
621 4024 717 4072 raros
742 4001 968 4071 consideratio
995 4004 1158 4072 mundani
1175 4010 1290 4073 motus
1312 4016 1346 4074 et
1367 4007 1456 4075 side-

294 4248 297 4255 ’
323 4203 348 4330 is
362 4199 563 4342 1111111811.
577 4279 643 4330 vine
668 4279 744 4338 saun,
771 4279 818 4330 roc.
838 4263 891 4337 ott,
909 4280 933 4329 1.
954 4242 1122 4344 1111111
1139 4267 1174 4330 11
1189 4263 1268 4335 sira:
1284 4282 1398 4343 assoon,
1414 4283 1457 4334 eo.

193 4353 201 4376 “
293 4360 476 4422 Guizot,1828.
492 4361 541 4410 loc.
558 4360 613 4420 cit„
626 4362 649 4410 t.
670 4360 698 4418 V,
712 4373 739 4424 p.
755 4361 794 4408 61.

324 4442 348 4570 l.
362 4439 515 4571 {lxlllrdlel
525 4519 559 4570 de
579 4519 736 4585 Coulanges,
762 4518 913 4569 t’lnvoaion
930 4521 1108 4586 permaoique.
1124 4521 1174 4570 loc.
1190 4520 1245 4583 111,
1263 4523 1333 4581 1891,
1357 4536 1383 4586 p.
1400 4524 1446 4571 279

293 4604 393 4662 dmm„
405 4600 482 4661 xvll,
498 4603 536 4662 12,
553 4603 595 4660 11;
611 4599 698 4655 xvln.
713 4600 790 4660 2,13;
806 4598 905 4660 XXVll,
921 4601 945 4650 5.

324 4700 348 4750 5.
360 4697 435 4763 xxn,
448 4699 471 4766 6,
482 4700 505 4770 ¹1,
520 4699 607 4767 12,13,
624 4700 652 4752 tt
668 4712 675 4750 z
689 4697 783 4753 confer
796 4696 958 4758 Mommsen,
969 4697 1083 4760 Hermes,
1099 4712 1126 4763 p.
1144 4699 1199 4749 629.
