3360 5446
747 506 994 572 ..5,-

252 675 304 733 est
323 667 530 739 Herodotus.
554 669 588 735 Is
605 670 709 751 enim,
726 690 923 759 quanquam
950 689 1018 734 uno
1043 666 1118 735 loco
1146 670 1305 738 laudatus
1333 676 1415 758 est¹,

249 789 364 847 tamen
387 783 622 874 compluribus
641 783 726 851 locis
747 791 797 849 est
817 791 1052 872 pertractatus.
1070 783 1170 864 Quod
1184 787 1258 874 jam
1276 787 1415 871 senties,

252 897 280 963 si
305 898 492 967 intueberis
518 924 593 990 quae
619 912 761 992 uterque
781 899 823 966 de
849 899 962 988 prisca
982 898 1226 988 AEgyptiorum
1250 902 1417 991 religione

248 1017 418 1102 protulit¹.

292 1134 473 1220 preterea,
491 1145 611 1203 auctor
627 1145 678 1200 est
692 1132 939 1203 Mommsenius
954 1132 1177 1200 Ammianum
1192 1134 1359 1201 nonnulla
1374 1156 1417 1201 ex

250 1248 420 1318 Herodoto
437 1251 594 1318 hausisse
611 1251 646 1317 in
662 1250 843 1316 Persarum
862 1247 1115 1338 descriptione³.
1133 1248 1270 1316 Etenim
1282 1249 1369 1317 inter
1380 1272 1415 1317 se

250 1376 443 1455 congruunt
466 1389 541 1457 quae
569 1367 608 1432 de
635 1365 817 1432 Persarum
843 1363 997 1431 moribus
1022 1365 1113 1454 apud
1138 1364 1360 1431 Ammianum
1383 1374 1417 1431 et

249 1480 396 1567 priorem
412 1505 527 1550 rerum
543 1480 743 1571 scriptorem
757 1479 906 1568 legimus
924 1501 931 1546 :
1441 1466 1445 1478 ’

358 1642 504 1724 Herod,
518 1643 545 1726 l,
568 1645 642 1712 135.
951 1641 1082 1718 Amm,
1098 1638 1227 1722 XXIII,
1246 1642 1279 1725 6,
1299 1641 1352 1708 16.

280 1788 406 1852 Papinum
430 1786 559 1846 δ’ἓκαστος
580 1785 662 1837 αὐτῶν
687 1784 780 1843 πολλὰς
885 1795 935 1846 pro
952 1783 1049 1845 opibus
1063 1782 1176 1845 quisque
1190 1782 1343 1832 adsciscens
1358 1796 1418 1831 ma-

250 1865 291 1930 μὲν
312 1870 444 1931 κουριδίας
464 1873 598 1933 γυναῖκας,
614 1871 698 1932 πολλῷ
720 1864 779 1916 δ’ἕτι
885 1862 1013 1912 trimonia
1025 1862 1104 1926 plura
1118 1862 1162 1910 vel
1174 1876 1267 1926 pauca.

244 1953 354 2006 ,πλεῦνας
368 1949 499 2005 παλλακὰς
516 1948 637 1999 κτὲονται.
887 1958 890 1964 “

291 2088 458 2157 Eumdem
479 2098 653 2157 auctorem
670 2087 706 2154 in
724 2085 891 2154 auxilium
908 2085 1044 2153 vocavit
1061 2084 1278 2152 Marcellinus
1302 2093 1419 2151 noster

248 2205 282 2273 in
298 2205 363 2273 hoc
379 2205 455 2273 loco
471 2204 530 2273 ubi
556 2205 596 2272 de
618 2203 728 2294 Magis
746 2203 871 2289 agitur.
890 2201 988 2282 Quod
1010 2210 1042 2267 te
1064 2222 1133 2267 non
1152 2199 1273 2288 fugiat,
1292 2200 1320 2266 si
1342 2223 1417 2290 quae

248 2320 457 2411 subJecimus
476 2333 633 2389 accurate
650 2319 845 2387 consideres
863 2339 870 2384 :

249 2480 776 2568 uerou.,1,rar‚u.ornu0rr.
847 2548 856 2581 f
955 2477 1350 2562 lamnarum.
1428 2448 1429 2451 ‘

251 2628 307 2679 ἄνευ
321 2628 370 2694 γὰρ
388 2623 418 2690 δὴ
435 2627 525 2692 Μάγου
537 2626 568 2678 οὕ
580 2645 623 2690 σφι
636 2623 712 2688 νόμος
726 2619 779 2674 ἐστὶ
920 2621 1037 2683 Eratque
1057 2618 1191 2681 piaculum
1211 2632 1271 2668 aras
1289 2618 1361 2668 adira
1376 2617 1419 2667 vel

250 2707 490 2767 θυσίας-ποιέεσθαι.
889 2701 1015 2750 hostiam.

294 2841 360 2910 Sed
372 2841 407 2908 in
419 2840 538 2932 primis
556 2862 634 2908 cum
650 2838 705 2905 his
723 2859 799 2927 quae
815 2836 856 2903 de
874 2835 1144 2923 Massagetarum
1159 2833 1264 2900 sacris
1279 2832 1420 2900 tradidit
1504 2894 1506 2899 .

251 2957 457 3041 Herodotus,
481 2955 693 3025 conveniunt
716 2975 853 3043 eaquae
878 2950 919 3018 de
935 2951 1149 3018 Halanorum
1166 2949 1273 3016 sacris
1294 2948 1418 3016 Noster

251 3075 400 3165 scripsit⁴
419 3096 426 3141 :

448 3207 508 3292 IV,
526 3211 579 3276 61.
1033 3199 1158 3281 XXXI,
1174 3203 1205 3279 2,
1222 3204 1275 3266 21.

252 3349 323 3401 ἐπεὰν
340 3350 462 3414 φακέλους
478 3345 574 3416 ῥάὸδων
588 3350 711 3416 μεγάλους
724 3345 782 3400 irai·
920 3343 1021 3391 Filium
1045 3342 1114 3392 miss>
1138 3344 1304 3407 Psfflsfltllfflll
1325 3340 1416 3390 1110ᾰο-

250 3449 353 3490 κωνται,
365 3431 443 3489 θέντες
455 3433 537 3495 popul
549 3429 729 3489 διεξελίσσουσι
739 3425 781 3480 αὖ·
890 3423 952 3470 llam
967 3421 1097 3471 rectiores
1114 3425 1204 3486 virgas
1220 3423 1349 3472 vimineas
1364 3420 1419 3469 col·

251 3502 596 3575 τοὺς,κα1ἐ,ε,μίανὲχάστην
608 3506 783 3576 ῥάὸδοντωέν.
889 3501 1012 3564 ligantes,
1026 3516 1124 3564 easque
1139 3517 1198 3551 cum
1214 3499 1421 3552 incantamentis

251 3608 290 3647 τες
305 3590 455 3648 θεσπίζουσι.
475 3627 482 3640 .
502 3627 508 3639 ,
890 3581 1051 3645 quibusdam
1065 3583 1175 3631 secretis
1185 3584 1338 3646 praestituto
1353 3584 1422 3631 tem-

890 3675 954 3726 pore
967 3663 1160 3723 discernentes,
1173 3669 1265 3727 aperte
1276 3662 1348 3725 quod
1358 3675 1422 3726 por-

890 3740 1024 3802 tendatur,
1040 3744 1148 3792 norunt.

295 3849 525 3918 Nihilominus
544 3850 630 3918 alius
646 3850 754 3932 locus,
771 3854 829 3921 ubi
847 3856 887 3923 de
911 3859 1031 3925 eodem
1047 3859 1174 3948 populo
1198 3859 1333 3926 locutus
1354 3869 1419 3942 est,

251 3963 390 4054 reperiri
400 3973 513 4054 potest
526 3987 629 4055 quem
641 3964 683 4033 ad
694 3966 911 4069 Herodotum
920 3973 1047 4040 referre
1059 3973 1188 4040 dubito.
1202 3974 1422 4043 Marcellinus

254 4078 345 4145 enim
361 4102 401 4146 eo
417 4080 493 4147 loco
509 4103 579 4148 non
599 4080 701 4147 modo
722 4102 799 4147 cum
815 4082 878 4151 hoo
903 4108 1014 4174 graeco
1038 4111 1152 4156 rerum
1169 4090 1344 4179 scriptore,
1364 4088 1424 4155 sed

256 4196 441 4264 etiamcum
454 4196 620 4264 Strabone
636 4196 765 4284 aliquid
778 4198 1013 4269 similitudinis
1024 4227 1092 4293 pree
1106 4227 1140 4270 se
1151 4205 1226 4271 lert.
1239 4204 1400 4273 Conferas
1414 4225 1421 4268 :

287 4378 309 4426 t.
344 4376 398 4434 xil,
414 4377 442 4424 tt
468 4376 506 4424 28.

287 4457 311 4505 2.
322 4376 423 4505 {anter
435 4410 611 4516 ilerodotum,
623 4456 653 4516 11,
665 4457 715 4506 let
729 4457 773 4517 58;
784 4457 881 4520 dmm,
892 4460 968 4522 XXll,
982 4464 1018 4523 16,
1031 4464 1059 4511 20
1075 4478 1081 4512 :
1095 4481 1106 4506 «ι
1117 4463 1160 4512 hic
1173 4463 1292 4527 primum
1301 4463 1425 4512 homines

252 4535 332 4598 longe
348 4538 410 4585 ante
424 4535 490 4586 alios
505 4537 539 4586 ad
551 4536 625 4586 varia
634 4536 799 4600 religionum
814 4539 985 4601 incunabula,
1001 4545 1030 4592 ut
1045 4542 1149 4603 dicitur,
1165 4548 1349 4604 pervenerunt
1364 4563 1386 4591 a.

286 4617 309 4664 3.
324 4616 438 4677 Hermen,
453 4616 518 4674 XVl‚
533 4631 563 4681 p.
582 4618 636 4665 611.

285 4698 308 4744 t.
326 4696 363 4744 61.
380 4695 469 4756 Grote,
485 4696 597 4746 Histoire
615 4697 645 4744 de
661 4695 688 4745 la
706 4696 792 4757 Grcce,
807 4699 875 4750 trad.
892 4702 923 4752 fr.
942 4703 1054 4765 Sadous,
1069 4705 1138 4762 1866,
1154 4718 1181 4767 p.
1200 4705 1251 4763 tar,
1267 4706 1330 4753 note
1348 4710 1370 4758 1.

1326 4815 1343 4862 2
