3412 5454
785 602 822 608 .-
863 567 903 625 55
946 601 984 607 d

289 717 431 800 suerint,
449 716 484 782 in
500 717 621 805 primis
644 718 813 795 Valesius,
838 708 1126 803 Lindenbrogius,
1148 715 1356 800 GronoviuS,
1378 717 1461 782 Wa-

200 821 204 828 ’
288 851 428 918 gnerus,
450 851 493 896 ne
517 850 652 896 merum
669 829 953 898 commentarium
974 830 1121 897 scribere
1141 828 1269 910 videar,
1292 828 1459 896 nonnulla

289 947 424 1007 tantum
446 949 634 1008 attacturus
649 965 725 1009 surn
743 964 785 1010 ex
808 941 861 1008 his
886 964 961 1031 quae
986 943 1028 1010 ad
1051 943 1153 1025 fines,
1182 943 1335 1033 corporis
1360 943 1459 1012 habi-

289 1065 375 1139 tum,
389 1065 559 1139 naturam,
574 1080 689 1126 mores
705 1066 879 1148 spectant:

329 1226 363 1314 c)
379 1225 463 1307 Quae
477 1226 520 1293 ad
540 1227 624 1293 fines
641 1235 796 1316 spectant
813 1249 820 1295 z

359 1389 489 1470 amm,
509 1386 736 1472 xxxam.

318 1519 478 1572 Hunnorum
500 1535 599 1586 gens...
618 1523 687 1572 ultra
705 1520 817 1584 paludes

287 1599 421 1652 Maeoticas
483 1603 618 1653 accolens.

370 1828 502 1906 Amm,
522 1826 617 1909 XIV,
635 1829 668 1908 i,
690 1828 721 1895 3.

311 1958 390 2021 Apud
403 1959 452 2008 has
462 1962 558 2023 gentas
569 1959 732 2016 (Saracenosl
744 1973 812 2024 qua-

277 2049 339 2087 rum
360 2039 504 2090 exordiens
522 2041 632 2092 initium
645 2040 680 2091 ab
695 2041 812 2103 Assyriis

278 2117 313 2168 ad
328 2118 378 2167 Nili
390 2122 540 2171 *cataractas
552 2120 698 2186 porrigitur
712 2123 739 2171 et
747 2134 811 2170 con·

276 2197 340 2246 finia
356 2197 563 2262 blemmyarum,

917 1389 1112 1470 domandis,
1135 1394 1180 1456 De
1200 1390 1296 1457 rebus
1305 1389 1449 1473 Geticis,

969 1587 974 1596 ἱ
1008 1498 1011 1504 '
1081 1496 1167 1564 liber
1193 1496 1287 1565 VIII.

915 1640 1030 1689 quorum
1061 1629 1133 1677 natio
1166 1643 1248 1685 saeva,
1285 1633 1313 1679 ut
1341 1630 1450 1678 Priscus

916 1706 1060 1758 historicus
1068 1708 1159 1768 refert,
1171 1711 1198 1756 in
1211 1708 1335 1759 Maeotide
1349 1709 1449 1773 palude

914 1789 1068 1838 ulteriorem
1083 1789 1169 1852 ripam
1182 1788 1293 1839 insedit.

915 1913 1047 1995 Claud„
1068 1913 1213 1994 DeNilo,
1226 1915 1269 1995 V,
1286 1915 1325 1981 iii
1342 1923 1375 1981 et
1392 1916 1446 1982 iti.

912 2037 1446 2101 ...populisquesalussiiienhbuserratl.

910 2116 1076 2166 Perbleroen
1084 2115 1261 2180 Blemyasque
1269 2116 1445 2165 lerosatram·

909 2211 962 2260 que
974 2198 1090 2261 Syenen.

320 2343 350 2420 b)
367 2341 451 2422 Quae
472 2342 513 2410 ad
529 2345 682 2434 corporis
697 2342 851 2410 habiturn
871 2349 1042 2431 spectant:

351 2487 481 2568 Amm,
500 2486 627 2571 XXXI,
645 2491 678 2570 2,
695 2490 728 2554 2.

308 2609 357 2682 Ubi
381 2610 509 2674 quoniam
533 2611 567 2661 ab
592 2613 659 2676 ipsis
681 2613 810 2664 nascendi

272 2688 398 2754 primitiis
422 2691 555 2741 inlautum
578 2693 649 2744 terro
672 2693 810 2746 sulcantur

273 2766 353 2818 altius
367 2783 452 2834 genae,
475 2775 504 2820 ut
515 2771 632 2837 pilorum
648 2774 726 2838 vigor
740 2777 808 2825 tern-

272 2851 394 2914 pestinus
409 2865 551 2917 emergens
568 2857 721 2919 conrugatis
735 2857 808 2906 cica-

270 2929 384 2980 tricibus
407 2931 560 2994 hebetetur,
589 2938 735 2987 senescunt
755 2937 806 2986 im-

270 3010 370 3060 berbes
403 3011 506 3076 absque
544 3015 619 3065 nulla
660 3019 804 3078 vetustate,

272 3091 440 3155 spadonibus
456 3093 567 3154 similes,
587 3099 734 3163 compactis
747 3113 805 3149 om·

269 3184 318 3220 nes
344 3172 486 3236 firmisque
507 3176 636 3226 memhris
657 3181 684 3228 et
706 3179 804 3243 opimis

269 3251 425 3316 cervicibus,
455 3254 617 3319 prodigIosoe
648 3258 744 3310 lormae
777 3261 804 3309 et

265 3328 393 3396 pavendi,
409 3336 440 3384 ut
462 3333 572 3398 bipedes
588 3337 724 3391 existimes
743 3342 803 3392 bes·

266 3412 318 3462 tias
338 3414 380 3463 vel
400 3416 493 3479 quales
510 3419 539 3468 in
557 3421 802 3485 commarginandis

266 3493 394 3556 pontibus
420 3496 532 3562 effigiati
557 3502 661 3566 stipites
673 3501 801 3556 dolantur

262 3575 409 3639 incompte.

954 2485 973 2552 J
977 2507 1065 2563 orn„
1083 2486 1130 2549 De
1145 2482 1242 2549 cebris
1256 2483 1394 2566 Geticis,

1128 2584 1220 2655 VIII.

938 2711 1003 2760 Nam
1019 2687 1138 2760 niaribus
1157 2710 1228 2759 ferro
1246 2723 1330 2774 genas
1346 2710 1440 2760 secant

907 2794 936 2841 ut
949 2792 1094 2854 antequam
1110 2790 1184 2839 lactis
1198 2789 1365 2840 nutrimenta
1378 2803 1442 2853 per·

906 2870 1015 2936 cipiant,
1041 2870 1161 2920 vulneris
1189 2872 1320 2934 cogantur
1347 2871 1438 2919 subire

904 2949 1085 3002 tolerantiam.
1107 2950 1175 2999 Hinc
1191 2950 1328 3000 imberbes
1343 2963 1439 3000 senes-

903 3033 976 3092 cunt,
992 3032 1019 3080 et
1034 3029 1091 3080 sine
1101 3031 1234 3080 vetustate
1245 3029 1342 3094 ephebi
1354 3029 1436 3078 sunt:

903 3112 968 3174 quia
988 3111 1070 3161 iacies
1092 3111 1162 3160 lerro
1178 3111 1278 3160 sulcata
1294 3109 1437 3174 tempesti-

901 3207 963 3241 vam
976 3192 1093 3255 pilorum
1109 3191 1224 3247 ,eratIam
1236 3204 1286 3254 per
1300 3190 1435 3239 cicatrices

901 3271 1049 3321 absumit...

931 3354 995 3402 Erat
1016 3352 1051 3401 iis
1075 3351 1178 3415 species
1200 3350 1322 3413 pavenda
1343 3350 1434 3414 nigre·

899 3432 962 3482 dine
991 3432 1039 3482 sed
1065 3430 1140 3480 velut
1168 3429 1310 3494 quaedam,
1334 3431 1356 3478 si
1380 3428 1434 3477 dici

899 3515 1002 3577 potest,
1023 3511 1152 3562 deformis
1173 3509 1239 3569 otia,
1258 3522 1313 3558 non
1335 3508 1430 3568 locles3

898 3594 1054 3657 habensque
1068 3591 1154 3654 magle
1172 3589 1274 3653 puncta
1291 3602 1373 3653 quam
1388 3589 1430 3638 lu-

897 3687 999 3724 mina...

895 3834 1088 3914 Claudiam,
1113 3833 1171 3902 lib.
1189 3830 1217 3911 I,
1246 3831 1282 3899 in
1296 3830 1427 3918 Rufio,

1097 3939 1225 4020 V,329.

923 4066 978 4116 Neo
1000 4065 1063 4130 plus
1085 4063 1236 4126 nubigenas
1258 4060 1358 4125 duplex
1374 4072 1427 4109 na·

891 4150 953 4197 tura
983 4145 1125 4205 biformes]
1162 4142 1287 4206 cognatis
1325 4139 1426 4204 aptavit

891 4226 977 4291 equis.

892 4388 930 4454 C.
948 4385 1067 4453 Sidon.
1080 4382 1421 4472 Apollin.‚Paneqp.‚

943 4516 972 4561 c.
989 4515 1068 4572 xxn,
1092 4514 1124 4555 v.
1142 4491 1207 4557 245
1222 4499 1256 4555 et
1270 4508 1366 4576 seqq.

920 4622 990 4669 Gens
1002 4616 1097 4666 animis
1108 4613 1292 4677 membrisque
1307 4608 1414 4658 minax:

888 4700 926 4750 ita
948 4697 1069 4748 vultibus
1088 4695 1163 4758 ipsis]
1184 4694 1318 4744 lnlautum
1339 4703 1416 4746 suus,

887 4781 985 4830 horror
1004 4777 1084 4826 inest.
1101 4774 1244 4839 Consurgit
1262 4772 1290 4821 in
1315 4778 1419 4825 aretum
