3360 5446
781 477 981 538 ..95-

375 614 471 692 Sal-l,
490 616 592 697 Hisr,
612 614 672 696 Ill,
692 615 744 679 52.

326 761 447 821 Namque
469 759 590 807 omnium
611 744 770 806 ierocissimi
792 757 826 808 ad

296 840 347 889 boc
373 841 480 901 tempus
513 837 602 888 Acbaei
632 839 710 899 atque
747 836 825 887 Tauri

294 923 358 970 sunt
379 919 452 983 quod
475 919 614 982 (qirantum
637 917 760 980 conjicio)
783 910 829 967 lo·¹

293 1015 386 1052 corum
394 1001 515 1064 egestate
530 1003 606 1062 rapto
621 999 712 1048 vivere
722 999 824 1048 assueti

496 1222 541 1305 II,
558 1226 612 1289 21.

323 1364 464 1428 Saguntini
495 1365 548 1415 lide
580 1368 661 1429 atque
694 1363 822 1415 arumnis

291 1446 384 1497 incluti
399 1460 456 1509 praa
469 1446 659 1496 mortalibus...

1003 613 1131 697 dmm,
1149 612 1260 694 XXII,
1277 616 1312 696 8,
1329 618 1382 682 25.

930 756 957 805 ct
988 754 1099 804 horrore
1124 755 1183 804 coeli
1216 755 1331 805 districti
1358 758 1457 807 victum

930 836 1011 884 etiam
1026 835 1076 885 sibi
1090 849 1151 885 cum
1168 835 1292 898 periculis
1316 840 1393 901 rapto
1409 851 1457 901 pa-

928 929 988 965 rare
1002 916 1145 965 assuefacti
1160 918 1224 967 sunt
1237 917 1319 980 atque
1340 931 1371 967 eo
1386 916 1457 968 ultra

887 990 890 999 '
928 1010 1037 1045 omnem
1064 995 1163 1046 deinde
1200 996 1327 1046 ferociam
1363 997 1458 1048 savie-

926 1080 999 1128 runt.

1085 1219 1162 1301 XV,
1179 1222 1233 1298 10,
1252 1222 1305 1287 10.

958 1362 1113 1428 Saguntinis
1128 1362 1350 1413 memorabilibus
1362 1376 1456 1414 aerum·

927 1445 968 1494 uis
981 1447 1007 1494 et
1020 1443 1112 1504 tide,...

336 1585 377 1654 Ut
391 1593 480 1651 recte
499 1584 737 1651 animadvertit
753 1585 867 1664 Hertz,
887 1610 903 1644 «
921 1581 1190 1670 Saguntinorum
1208 1605 1288 1650 saue
1304 1605 1456 1652 somme-⁴

290 1697 475 1766 morationi
490 1712 559 1766 tam
577 1719 680 1787 prope
703 1697 862 1788 praecedit
877 1696 1057 1785 ,Geryones
1074 1719 1128 1788 ap.
1148 1697 1278 1781 Amm,
1293 1706 1331 1764 ut
1346 1720 1456 1788 quan-

290 1836 391 1903 quam
424 1812 561 1881 aliunde
592 1834 728 1902 quoque
757 1811 857 1882 facile
882 1835 1075 1881 memorare
1104 1814 1355 1905 eumsspoterar,
1379 1814 1456 1882 ‘hoc

223 1922 228 1932 ’
288 1937 403 1996 tamen
418 1930 461 1997 ad
478 1930 683 1999 Sallustium
695 1932 912 2000 referendum
924 1954 998 1999 esse
1015 1930 1171 2001 videatur
1187 1941 1237 1995 ›>¹.

336 2045 511 2113 Hactenus
527 2046 568 2114 de
592 2047 635 2114 iis
652 2047 887 2137 scriptoribus,
904 2069 992 2138 quos
1013 2047 1089 2138 ipse
1115 2047 1319 2116 nominatim
1343 2049 1456 2116 attulit

290 2161 506 2231 Ammianus.
535 2164 683 2231 Fallitur
711 2187 792 2233 vero
815 2165 871 2254 qui
896 2170 1020 2256 praeter
1040 2164 1103 2231 hos
1127 2163 1262 2231 nullum
1287 2165 1391 2232 alium
1424 2164 1454 2234 ei

288 2287 406 2345 notum
423 2279 530 2347 inisse
546 2290 651 2370 putet.
672 2280 872 2370 Complures
888 2280 978 2348 enim
995 2279 1184 2371 inspexisse
1203 2280 1349 2364 videtur,
1368 2305 1454 2373 quo-

286 2417 362 2462 rum
377 2398 508 2464 nullam
530 2396 610 2463 lecit
631 2397 855 2465 mentionem.
879 2398 932 2464 Ex
954 2396 1091 2487 quibus,
1117 2403 1312 2487 temporum
1337 2398 1454 2467 ordine

294 2525 440 2599 servato,
474 2537 544 2581 non
579 2513 759 2582 omittendi
796 2525 875 2581 sunt
904 2514 1030 2596 Caesar,
1065 2512 1213 2588 Tacitus,
1249 2514 1452 2601 Pausanias,

283 2632 325 2697 A.
344 2630 487 2699 Gellius.

336 2746 472 2813 Etenim
490 2756 582 2814 certa
597 2751 631 2814 et
647 2746 830 2813 manifesta
851 2754 931 2814 sunt
950 2769 1026 2836 quae
1054 2745 1090 2812 in
1111 2746 1286 2814 Gallorum
1303 2746 1451 2838 descrip-
1493 2793 1497 2800 -

284 2861 376 2929 tione
390 2861 618 2930 Caesarianam
630 2862 799 2952 originem
813 2862 988 2930 declarant
997 2863 1018 2928 ¹.

302 3031 403 3114 Caes,
420 3036 468 3100 De
482 3031 568 3101 Bell.
587 3033 784 3114 Gatt.‚1,i.

309 3173 400 3224 Gallos
414 3175 448 3224 ab
459 3175 602 3238 Aquitanis
613 3175 749 3226 Garumna
759 3179 811 3241 fln-

276 3268 341 3311 men.
360 3271 377 3305 a
392 3255 478 3318 Belpis
497 3257 621 3307 Matrona
640 3262 665 3306 et
679 3257 809 3322 Sequana.

277 3336 385 3387 dividit.
410 3338 509 3386 Horam
532 3338 647 3387 omnium
670 3340 811 3402 fortissimi

277 3419 338 3466 sunt
355 3417 446 3482 Belpa,
462 3424 604 3484 propterea
614 3419 687 3483 quod
702 3435 717 3469 a
734 3419 808 3469 culta

276 3500 356 3561 atque
384 3499 549 3548 humanitate
577 3500 723 3564 provinciae
747 3501 806 3549 lon-

276 3577 383 3641 gissime
403 3578 511 3637 absunt,
533 3581 697 3643 minimeque
712 3580 745 3629 ad
761 3595 806 3630 eos

276 3660 438 3708 mercatores
460 3673 530 3723 soepe
552 3663 704 3709 commeant
726 3663 806 3724 atque

276 3752 307 3788 ea
326 3738 359 3787 ad
380 3739 570 3803 effeminandos
591 3741 697 3791 animos
721 3743 806 3805 perti-

274 3821 348 3879 nent,
365 3821 520 3885 important.

298 4362 319 4408 1.
336 4361 392 4409 loc.
409 4361 463 4420 cit,
481 4361 526 4425 lp..
540 4364 563 4410 9.

947 3035 1076 3116 Amm,
1094 3033 1170 3118 XV,
1189 3040 1242 3118 ll,
1262 3005 1420 3126 2et'se‘q.

916 3177 943 3224 et
953 3172 1043 3223 Gallos
1057 3174 1166 3239 quidem
1181 3177 1228 3240 qui
1243 3175 1322 3226 Cellas
1332 3179 1403 3241 sunt,
1414 3179 1447 3227 ab

915 3255 1059 3318 Aquitanis
1072 3254 1208 3306 Garumna
1219 3256 1389 3307 disterminat
1396 3259 1448 3321 fla·

914 3349 1033 3396 men,.....
1047 3350 1064 3385 α
1079 3335 1166 3400 Belqis
1175 3350 1239 3386 vero
1251 3337 1447 3403 eamdemgen-

912 3419 968 3465 tem
977 3415 1101 3466 Matrona
1116 3417 1242 3468 discindit
1254 3422 1281 3468 et
1292 3419 1444 3484 Sequana...

911 3495 1009 3545 Horam
1024 3499 1139 3547 omnium
1152 3498 1225 3562 apud
1236 3504 1342 3549 veteres
1361 3501 1444 3566 Belpae

911 3575 1069 3628 dicebantur
1085 3593 1143 3628 esse
1158 3580 1299 3642 fortissimi
1315 3595 1346 3630 ea
1359 3594 1443 3646 prop-

910 3656 953 3706 ter
968 3657 1041 3721 quod
1050 3658 1094 3722 lab
1109 3657 1262 3708 humaniore
1276 3661 1351 3710 cultu
1364 3659 1445 3726 longe

911 3737 1020 3788 discreti
1042 3752 1093 3788 nec
1116 3739 1276 3789 adventiciis
1297 3741 1445 3805 effeminati

910 3819 1019 3881 deliciis,
1030 3819 1074 3868 diu
1090 3833 1152 3868 cum
1166 3819 1372 3870 transrhenanis
1385 3835 1443 3871 cer-

908 3902 998 3949 tavere
1014 3899 1295 3963 Germanisrlqoitani
1311 3902 1393 3961 enim,
1405 3900 1440 3951 ad

908 3992 1024 4042 quorum
1039 3979 1131 4030 littora
1142 3982 1172 4030 ut
1187 3980 1308 4043 proxima
1321 3980 1438 4044 placida·

908 4074 961 4123 que
985 4073 1088 4110 merces
1109 4059 1265 4110 adventiciae
1284 4062 1440 4112 convehun-

908 4143 962 4201 tur,
974 4141 1096 4190 moribus
1109 4141 1143 4190 ad
1159 4140 1299 4191 mollitiem
1309 4141 1392 4204 lapsis
1401 4144 1439 4193 la·

909 4221 959 4269 ci'e
972 4221 998 4269 in
1014 4220 1146 4270 dicionem
1170 4233 1269 4270 venere
1289 4234 1438 4271 romanam.

296 4441 320 4488 2.
336 4439 434 4490 (lenter
448 4440 629 4505 lindenbrog,
654 4443 783 4504 Wagner,
801 4440 941 4492 Commeat.
959 4443 987 4491 in
1001 4442 1096 4506 Amm„
1118 4442 1233 4502 101162,
1258 4443 1300 4492 ed.
1315 4443 1438 4502 Erfurdt,

268 4520 336 4579 1808,
351 4521 419 4580 t.ll;
437 4522 631 4582 Gardthausen,
651 4522 701 4571 loc.
724 4523 781 4584 cit,
805 4536 830 4585 p.
847 4523 877 4572 ia
890 4525 918 4572 et
939 4525 982 4583 50;
994 4523 1116 4589 Gougny,
1133 4523 1255 4574 Extraits
1270 4523 1314 4573 das
1327 4528 1438 4573 auteurs

265 4613 339 4663 precs
355 4605 512 4650 concernunt
524 4602 551 4651 la
565 4601 725 4667 pcoprapln'e
749 4607 773 4652 et
789 4601 916 4652 l'laistoire
936 4603 982 4653 des
1004 4603 1109 4661 Goulos,
1127 4605 1146 4653 t.
1162 4604 1193 4665 ll,
1207 4603 1278 4664 1819,
1294 4618 1320 4668 p.
1336 4605 1392 4663 310,
1408 4607 1436 4663 l,

266 4680 430 4749 Desjardins,
447 4683 611 4755 Geoproptrie
627 4685 658 4734 de
674 4683 701 4738 la
719 4682 803 4734 Gaale
818 4684 942 4752 romaine,
959 4687 979 4733 t.
995 4681 1039 4747 lll,
1056 4685 1141 4747 Paris,
1159 4685 1226 4745 1885,
1242 4697 1272 4754 p.
1288 4684 1340 4733 na.
