3360 5446
752 515 932 574 ..4-

256 680 325 738 tem
342 670 529 750 inveniam,
548 670 633 739 mihi
649 672 895 763 inquirendum
907 673 970 741 erit
982 682 1098 740 utrum
1112 671 1360 740 adstrictiorem
1372 695 1428 742 co-

255 778 467 867 gnationem,
489 779 545 845 vel
566 778 601 845 in
627 777 755 860 verbis,
778 781 833 848 vel
854 781 889 870 in
915 779 1109 859 sententiis,
1129 801 1207 847 cum
1232 779 1299 847 alio
1324 801 1427 870 quam

255 907 334 953 cum
349 884 426 952 aliis
442 908 511 975 prae
528 907 564 952 se
575 885 673 967 ferat,
692 908 736 954 an
754 909 795 954 ex
810 887 1015 954 intermedio
1028 886 1193 976 scriptore
1205 884 1350 975 petitum
1368 886 1424 954 sit.

255 991 324 1060 Sed
347 1014 402 1059 me
430 1014 497 1060 non
524 992 624 1076 lallit,
649 1015 752 1084 quam
783 993 922 1062 dillicile
951 995 995 1061 sit
1022 1015 1145 1061 omnes
1169 992 1320 1060 invenire
1341 1014 1426 1083 quos

255 1098 412 1167 tractavit
436 1099 654 1169 Ammianus.
675 1099 775 1182 Quod
799 1100 1038 1168 tantummodo
1060 1099 1085 1167 ii
1105 1099 1241 1189 assequi
1266 1108 1423 1188 possunt,

255 1205 312 1297 qui
344 1207 464 1275 eadem
496 1207 654 1275 lectionis
690 1209 788 1298 copia
810 1209 937 1276 valent.
969 1208 1089 1299 Itaque
1117 1206 1343 1276 Mommsenio
1372 1228 1425 1273 as·

255 1313 394 1398 sentior,
420 1313 477 1403 qui
503 1313 594 1382 haud
614 1336 724 1404 pauca
747 1337 818 1383 non
841 1314 883 1383 ad
913 1323 1025 1382 certos
1048 1315 1159 1382 fontes
1181 1313 1299 1380 relerri
1324 1335 1424 1403 posse

255 1420 412 1491 fatetur¹.
690 1419 693 1424 ’

298 1536 478 1628 Plerisque
505 1548 620 1606 autem
642 1538 848 1628 scriptorum
873 1538 932 1630 qui
957 1560 1034 1606 cum
1058 1535 1257 1606 Marcellino
1279 1557 1424 1604 consen-

254 1652 354 1748 tiunt,
369 1649 472 1736 notis,
492 1651 568 1743 quis
584 1653 668 1720 ordo
684 1653 720 1721 in
742 1652 795 1719 his
816 1651 1036 1722 recensendis
1055 1649 1139 1719 mihi
1161 1650 1330 1718 tenendus
1347 1653 1423 1718 est?

255 1766 364 1848 Certe,
395 1787 482 1857 quos
512 1766 683 1856 praecipue
709 1765 916 1851 adhibuerit,
946 1788 1057 1857 neque
1085 1766 1126 1834 ad
1153 1766 1238 1833 duos
1269 1775 1328 1833 aut
1355 1773 1425 1831 tres

250 1890 408 1950 auctores
422 1880 630 1970 redigendos
650 1904 737 1965 esse,
762 1904 873 1972 neque
891 1903 1006 1949 rerum
1029 1881 1211 1972 scriptores
1232 1903 1252 1949 a
1279 1901 1423 1970 geogra-

253 1997 328 2088 phis
348 2006 408 2065 aut
423 1997 464 2065 ab
481 1997 674 2065 oratoribus
688 1998 867 2088 postisque
888 1997 1151 2088 distinguendos
1168 2020 1242 2065 esse
1263 1996 1420 2065 arbitror.

251 2116 350 2193 Nam,
368 2119 406 2180 ui
424 2136 527 2203 supra
544 2113 707 2195 vidimus,
726 2113 857 2180 nullam
872 2113 1070 2202 hujusmodi
1092 2113 1260 2181 rationem
1282 2121 1421 2180 secutus

252 2238 304 2296 est
317 2214 444 2297 Noster
462 2249 470 2296 ε
489 2227 723 2319 compluribus
737 2251 818 2297 vero
838 2228 933 2295 libris
950 2229 1121 2319 perlectis,
1139 2251 1215 2318 quae
1236 2235 1424 2318 aucupatus

253 2354 325 2412 erat
341 2367 470 2434 suoque
481 2345 627 2413 consilio
639 2354 718 2435 apta
731 2367 805 2412 esse
817 2345 967 2433 putabat,
981 2367 1021 2411 ea
1032 2344 1075 2412 ad
1087 2367 1182 2412 suam
1195 2343 1423 2412 eruditionem

252 2459 519 2538 ostentandam,
543 2460 658 2528 oblata
685 2459 877 2542 occasione,
899 2471 1073 2550 gestarum
1094 2483 1208 2529 rerum
1236 2457 1425 2527 narrationi

254 2596 454 2665 praeponere
471 2574 615 2643 solebat.

295 2689 332 2757 Si
348 2699 463 2756 autem
475 2689 510 2758 in
522 2713 625 2781 quem
636 2690 827 2773 incidisset,
840 2690 898 2781 qui
912 2690 953 2758 de
964 2691 1006 2758 iis
1020 2714 1096 2782 quae
1109 2701 1182 2759 erat
1197 2698 1416 2769 tractaturus,

252 2804 400 2872 maxime
410 2804 613 2873 aestimanda
623 2805 800 2896 scripsisse
812 2804 876 2872 sibi
888 2805 1078 2890 videbatur,
1091 2807 1134 2889 ei,
1154 2817 1190 2875 ut
1201 2806 1367 2896 suspicor,
1382 2827 1418 2872 se

249 2922 322 2989 fere
354 2931 465 2989 totum
500 2922 612 3005 dabat,
639 2932 740 3013 atque
768 2945 846 2990 cum
876 2944 916 2991 eo
949 2923 1070 2992 ceteris
1101 2922 1320 3013 comparatis,
1348 2944 1424 3013 quae

251 3039 379 3107 omissa
394 3048 500 3123 erant,
519 3039 676 3130 supplere
693 3039 862 3108 studebat.

295 3155 428 3238 Quibus
457 3156 648 3239 decausis,
674 3155 917 3244 multomagis
945 3157 1172 3247 componendi
1201 3156 1325 3226 rationi
1356 3178 1425 3247 qua
1519 3145 1521 3148 ’

252 3271 458 3341 Ammianus
473 3272 523 3339 uti
538 3273 683 3352 solebat,
701 3272 885 3341 convenire
900 3273 991 3341 bunc
1006 3273 1162 3340 ordinem
1178 3294 1313 3354 censeo,
1330 3255 1425 3339 vide·

250 3389 330 3457 licet
352 3410 359 3456 :
381 3389 543 3480 primum,
557 3389 833 3479 descriptoribus
848 3412 934 3481 quos
948 3389 1052 3487 duces
1072 3388 1231 3457 habuerit
1252 3413 1260 3455 ι
1285 3386 1421 3472 deinde,

251 3505 292 3572 de
307 3504 349 3573 iis
368 3505 492 3597 quibus
509 3504 682 3573 interdum
697 3528 781 3572 usus
797 3507 852 3572 sit.
931 3524 933 3532 ⁴

296 3621 371 3703 Qua
384 3619 420 3686 in
435 3619 648 3703 recensione,
664 3629 831 3709 quantum
841 3642 896 3687 res
913 3619 1052 3702 sineret,
1064 3640 1234 3711 quemque
1247 3627 1422 3686 auctorem

250 3735 287 3803 in
302 3757 342 3803 eo
357 3736 433 3804 loco
459 3757 560 3827 quem
581 3735 775 3830 requirebat
797 3746 990 3825 temporum
1010 3735 1106 3820 orde,
1129 3733 1325 3826 ponendum
1348 3755 1423 3802 esse

236 3850 455 3922 existimavi.
1008 3840 1011 3848 ¹

827 4138 854 4207 l.

299 4375 349 4442 Ex
365 4374 407 4441 iis
423 4396 511 4464 quos
534 4374 638 4440 duces
654 4372 811 4441 babuerit
827 4371 1043 4454 Ammianus,
1059 4373 1207 4463 primum
1227 4373 1421 4442 afferendus

282 4627 306 4675 l.
322 4626 437 4688 Hermes,
452 4626 517 4689 xvt,
534 4641 560 4691 p.
577 4627 623 4674 602
638 4626 664 4674 et
679 4626 733 4674 603.

278 4707 303 4756 2.
320 4707 408 4767 ltertz,
425 4706 474 4757 loc.
488 4709 543 4769 eit,
557 4706 604 4771 {pt
621 4705 649 4766 6;
666 4704 743 4767 Hugo
760 4702 882 4762 Michael,
899 4702 948 4752 loe.
964 4704 1021 4764 cit,
1034 4706 1078 4769 apt.
1095 4708 1118 4755 6.
