3360 5446
728 507 926 567 ‚18-

291 657 412 740 Porro,
430 658 540 745 primo
557 666 708 746 aspectu,
728 658 920 725 Ammianei
943 660 1022 738 loni,
1040 681 1109 724 non
1131 666 1263 724 tontum
1279 657 1315 724 iu
1339 679 1417 724 sen-

251 773 381 856 tentiis,
399 773 458 840 sed
476 773 577 840 etiam
594 773 630 839 in
647 773 756 841 forma
772 783 873 863 atquo
889 774 1070 842 vorborum
1090 780 1260 840 structura
1275 771 1419 839 adstrin-

250 891 373 957 tiorem
389 889 630 978 cognationem
645 911 722 956 oum
744 889 917 957 Solinanis
938 912 1007 980 prae
1031 913 1066 956 se
1083 890 1200 957 ferunt
1218 867 1323 978 quam
1341 909 1418 955 eum

250 1005 425 1075 Marianis
447 1015 506 1072 aut
525 1004 702 1072 Plinianis.
721 1006 841 1073 Restat
860 1005 977 1095 igitur,
993 1015 1030 1072 ut
1056 1005 1285 1095 inquiramus,
1304 1011 1418 1070 utrum

252 1122 420 1204 solinum,
448 1144 492 1189 an
516 1120 782 1212 chorographiae
808 1131 982 1189 auctorem
1006 1121 1204 1190 tractaverit
1227 1121 1361 1190 Noster.
1380 1119 1418 1188 Si

251 1237 328 1328 quis
351 1259 433 1306 vero
447 1238 511 1305 hoo
526 1236 666 1304 alterius
682 1237 824 1304 verbum
843 1265 858 1299 «
877 1238 912 1303 in
933 1261 1032 1305 usum
1049 1238 1227 1327 publioum
1246 1264 1263 1299 »
1279 1258 1357 1303 oum
1377 1258 1416 1303 eo

251 1353 393 1421 alterius
409 1353 512 1421 verbo
529 1380 545 1415 ι(
567 1352 767 1419 infimorum
785 1380 801 1414 a
820 1352 975 1420 conferre
996 1353 1177 1434 studuerit,
1195 1351 1416 1419 Ammianum

251 1468 404 1536 aSoiino
422 1467 571 1559 pendere
587 1467 731 1535 fortasse
746 1490 952 1558 persuasum
971 1469 1122 1537 habebit.
1140 1469 1179 1537 Id
1199 1478 1316 1537 autem
1334 1470 1416 1536 Am-

251 1585 358 1652 miani
375 1583 608 1652 «nobilium»
627 1583 669 1650 ab
688 1582 752 1651 hoo
774 1582 878 1650 Plinii
900 1585 1004 1652 verbo
1023 1594 1213 1680 «matrona
1235 1610 1251 1645 »
1276 1583 1437 1650 minime.

252 1699 444 1791 discrepare
460 1723 530 1767 non
545 1708 597 1767 est
611 1698 909 1769 dissimulandum.
930 1701 1042 1783 Quare
1067 1701 1175 1771 fateor
1190 1724 1244 1769 me
1270 1702 1311 1769 do
1328 1726 1368 1769 ea
1382 1725 1418 1770 re

251 1816 440 1905 ambigere.

289 1933 408 2024 Neque
424 1953 621 2001 asseverare
632 1933 755 2013 ausim,
770 1943 808 2000 ut
818 1924 1126 2003 Gardthauseuius¹
1140 1943 1174 2001 et
1184 1933 1388 2004 Miitlenhoff
1395 1939 1417 2018 ¹,

251 2073 269 2117 e
286 2048 543 2139 chorographia
558 2049 718 2117 Pliniana
734 2072 809 2117 esse
823 2051 929 2141 petita
943 2074 1017 2141 quae
1035 2050 1076 2117 de
1098 2050 1279 2134 Atlanteis,
1297 2051 1419 2118 Henio-

251 2165 336 2252 ohis,
352 2165 570 2255 Arimphaeis,
586 2165 700 2255 legere
716 2165 810 2236 lioet.
823 2167 988 2236 Conferas
1004 2167 1094 2235 enirn
1106 2167 1328 2235 Ammianunr
1344 2189 1420 2235 eum

250 2284 360 2366 Mala,
378 2282 505 2364 Plinio,
521 2282 639 2351 Selino
658 2305 666 2351 :

279 2508 301 2554 t.
317 2507 376 2555 Loc.
393 2507 448 2566 cit,
464 2520 491 2570 p.
507 2508 546 2556 50.

278 2587 302 2634 2.
317 2587 376 2636 Loc.
393 2587 448 2647 cit,
465 2589 488 2636 3.
505 2587 588 2648 Baud,
605 2602 631 2651 p.
651 2588 690 2649 83¹,
707 2591 718 2647 ς
733 2589 774 2635 214
