3360 5446
764 458 941 522 ..8-

263 613 587 695 antem'convenit,
616 613 852 680 Eratosthenis
888 620 1000 697 aetate,
1032 615 1237 703 Europaeam
1280 613 1429 682 Galliam

260 726 460 818 plerumque
473 727 637 829 Celticum
650 729 814 819 appellari
828 729 941 818 potius
954 752 1056 818 quam
1069 729 1269 797 Galaticum.
1289 731 1430 798 Necnon

260 853 342 910 tunc
357 843 466 912 Graeci
482 867 595 912 rerum
616 844 1042 936 scriptoresoccidentales
1059 847 1206 935 Europae
1222 855 1342 934 gentes
1359 847 1430 914 suis

260 958 408 1026 inlibris
426 960 671 1050 componendis
691 959 867 1049 negligere
888 960 1055 1028 solebant.
1074 962 1230 1051 Denique
1256 973 1431 1030 asseverat

260 1073 382 1143 Strabo
396 1077 657 1144 Eratosthenem
671 1076 877 1144 Gallicarum
888 1100 1001 1144 rerum
1017 1077 1116 1165 plane
1132 1076 1238 1144 fuisse
1254 1077 1429 1166 ignarum.

258 1190 356 1258 Unde
371 1198 613 1279 argumentum
628 1214 763 1261 sumere
783 1215 924 1282 possum
942 1202 979 1260 ut
999 1193 1203 1261 contendam
1226 1194 1427 1282 ambiguum

257 1302 396 1372 titulum
420 1308 572 1376 Γαλάτικα
593 1306 651 1397 qui
676 1306 942 1375 Eratostheniois
964 1306 1096 1397 scriptis
1122 1307 1332 1390 inscribitur,
1356 1330 1428 1375 non

258 1419 300 1486 ad
314 1419 501 1512 Europaeos
517 1423 645 1506 Gallos,
663 1422 722 1489 sed
740 1423 783 1490 ad
801 1422 1149 1491 Gallo-Grecosesse
1172 1423 1424 1509 referendum,

258 1559 369 1626 neque
389 1536 425 1604 iu
450 1537 502 1606 his
522 1539 607 1607 locis
633 1561 719 1630 quos
743 1561 846 1630 supra
871 1539 983 1623 attuli,
1005 1539 1269 1608 Eratosthenem
1296 1540 1426 1607 iontem

258 1677 331 1723 esse
354 1654 548 1723 habendum
571 1677 697 1747 exque
722 1678 784 1723 sua
807 1656 985 1725 hauserint
1005 1655 1125 1723 Strabo
1146 1665 1180 1723 et
1206 1654 1426 1724 Marcellinus

257 1782 385 1838 noster.
479 1781 480 1784 ’

224 1941 227 1948 .
302 1878 410 1960 Quem
425 1880 639 1947 fontemesse
651 1879 1171 1971 Timagenemprobabiliusesse
1183 1878 1426 1948 mihividetur.

255 1996 363 2063 Nemo
379 2000 431 2062 est
451 1996 543 2063 enim
565 1995 648 2086 quin
663 2018 866 2086 persuasum
886 1997 1010 2064 habeat
1032 1997 1265 2077 Ammianum,
1283 2018 1359 2086 quae
1384 1994 1424 2062 de

256 2109 434 2178 Gallorum
460 2111 592 2202 origine
617 2111 744 2196 retulit,
766 2135 807 2180 ea
827 2135 867 2179 ex
890 2135 930 2180 eo
956 2113 1121 2203 scriptore
1157 2113 1424 2204 deprompsisse.

254 2229 340 2296 Nam
361 2227 468 2317 liquet
484 2249 527 2295 ex
541 2229 645 2318 hujus
660 2228 857 2296 testimonio
873 2256 890 2293 «
907 2231 1005 2320 cujus
1022 2219 1123 2298 tidem
1145 2228 1255 2297 secuti
1272 2227 1426 2297 obscuri-

254 2352 323 2411 tate
337 2342 478 2426 dimota,
492 2345 610 2411 eadem
626 2344 785 2414 distincte
797 2344 996 2414 docebimus
1009 2356 1043 2414 et
1058 2356 1173 2437 aperte
1189 2373 1204 2407 »
1219 2343 1308 2435 (XV,
1324 2347 1356 2427 9,
1371 2342 1420 2433 2).

253 2458 344 2542 Quid
358 2481 439 2527 vero
456 2482 542 2549 opus
558 2460 766 2544 adhibuerit,
784 2460 970 2551 dijudicare
987 2460 1125 2528 difficile
1139 2469 1202 2527 est.
1220 2458 1312 2528 Nihil
1332 2458 1424 2524 enim

251 2573 369 2657 indicii
392 2574 428 2642 in
449 2596 513 2642 suo
535 2574 623 2642 libro
646 2573 796 2665 reliquit,
818 2574 910 2664 quod
932 2576 968 2644 in
989 2587 1118 2645 certam
1140 2578 1347 2645 sententiam
1368 2597 1421 2642 me

249 2688 410 2756 inducere
430 2689 550 2780 possit.
574 2693 736 2758 Attamen
759 2691 787 2757 si
809 2689 1075 2760 Gardthausenii
1096 2692 1294 2783 opinionem
1322 2691 1419 2780 sequi

249 2804 347 2890 velis,
374 2805 446 2873 haee
477 2805 584 2873 relata
613 2829 655 2873 ex
678 2808 828 2897 quodam
855 2809 1086 2901 geographico
1113 2831 1215 2898 opere
1243 2808 1422 2875 arcessivit

253 2925 374 2992 Noster
389 2923 426 2990 in
437 2946 504 3014 quo
515 2923 722 3013 Timagenes
733 2945 787 2989 res
800 2946 820 2991 a
834 2923 941 2991 Gallis
954 2934 1069 3013 gestas
1082 2925 1291 2993 tradiderit¹.
1305 2927 1422 3015 Neque

254 3040 295 3108 ab
314 3063 354 3109 eo
371 3040 529 3109 dissentit
552 3039 799 3109 Mommsenius
820 3047 938 3128 utpote
958 3041 1016 3130 qui
1035 3041 1270 3124 Ammianum,
1286 3063 1357 3108 non
1382 3039 1424 3109 ab

204 3167 205 3172 ’
254 3157 428 3242 historico,
442 3158 502 3227 sed
517 3180 537 3226 a
552 3156 780 3248 geographico
794 3179 896 3246 opere
909 3157 1002 3247 quod
1016 3157 1120 3225 totius
1135 3158 1237 3225 maris
1248 3158 1422 3246 Periplnm

254 3273 474 3363 aTimagene
488 3273 715 3363 compositum
732 3294 806 3340 esse
824 3271 1029 3363 suspicatur,
1050 3295 1113 3340 sua
1132 3282 1328 3340 mutuatum
1346 3293 1422 3339 esse

255 3390 516 3459 enuntiaverit&

299 3506 410 3588 Quam
441 3507 477 3573 in
506 3507 710 3574 sententiam
740 3527 781 3573 eo
811 3504 973 3574 libentius
1007 3505 1180 3574 discedam
1210 3503 1301 3595 quod
1330 3504 1420 3572 huno

254 3618 794 3711 Timagenislibrum,nonmedo
805 3623 841 3691 in
851 3622 1091 3714 geographicis
1106 3620 1422 3709 Ammianidigres·
1509 3633 1511 3638 '

255 3735 422 3820 sionibus,
447 3739 506 3831 sed
529 3738 633 3807 etiam
652 3740 688 3807 in
708 3739 886 3808 Strabonis
902 3738 1115 3829 geographia
1137 3736 1330 3805 adhibitum
1343 3759 1419 3805 esse

255 3876 378 3923 censeo
388 3856 412 3926 ⁶.
424 3856 621 3941 Enimvero,
639 3879 714 3947 quae
726 3858 767 3925 de
783 3856 959 3927 Gallorum
970 3855 1102 3946 origine
1117 3855 1268 3922 narravit
1281 3853 1422 3922 Mareel-

255 3971 345 4041 linus
364 3980 480 4041 noster
497 3996 539 4042 ex
558 3974 745 4064 Timagene
766 3973 945 4062 desumpta
966 3994 1042 4039 esse
1065 3978 1211 4039 constat.
1238 3969 1281 4037 Hi
1306 3978 1423 4037 autem

289 4278 312 4326 t.
327 4277 423 4328 Conter
437 4277 485 4326 hd.
502 4278 630 4338 Schmidt,
647 4280 684 4326 De
702 4277 818 4341 foetibus
836 4280 952 4325 velerum
969 4278 1107 4324 auctorum
1127 4275 1153 4322 iu
1171 4278 1330 4324 etrcirrendis
1344 4289 1422 4335 cepe⁴

256 4354 399 4405 ditionibus
419 4373 435 4406 a
457 4357 543 4407 Gallis
560 4357 694 4422 susceptio,
716 4359 811 4418 Berol.,
831 4358 900 4415 1834,
922 4352 966 4419 [pl.
989 4357 1020 4402 ti
1039 4354 1260 4419 (Ablraodlanpen
1278 4370 1326 4404 zur
1347 4355 1420 4404 alten

259 4434 417 4498 Gescbichle,
433 4437 547 4501 Leipzig,
564 4439 646 4501 1888).

288 4518 311 4564 2.
328 4517 364 4567 of.
378 4519 425 4567 Die
436 4518 661 4583 ¹peoqraplzischen
676 4521 784 4580 Ouellen
798 4518 943 4577 Ammiano,
956 4531 981 4580 p.
998 4520 1025 4565 tt
1045 4518 1072 4564 et
1089 4517 1158 4565 suiv.
1238 4504 1244 4514 '

286 4600 309 4644 e.
324 4598 361 4646 Cf.
378 4601 493 4659 Hermes,
508 4601 573 4659 XVl,
587 4613 613 4662 p.
629 4603 687 4649 625.

287 4681 309 4725 t.
326 4677 363 4727 Cf.
381 4678 574 4739 Gardthausen,
591 4679 639 4730 loc.
653 4680 707 4740 cit,
725 4697 750 4745 p.
767 4679 794 4729 ll
813 4680 838 4727 et
853 4677 920 4728 suiv.
