3360 5446
836 516 1034 579 „32-

451 671 491 737 A.
512 668 611 748 Geli,
627 666 686 747 ΙΙΙ,
707 671 738 751 3,
752 671 782 735 5.

377 797 410 846 ΙΙΙ
427 795 504 844 illum
521 794 548 844 di
569 794 684 858 perdant
707 794 810 857 primus
833 793 880 857 qui

345 876 425 928 horas
441 875 569 940 reperim.
579 876 645 923 Nam
654 888 697 924 me
707 874 795 937 puello
812 888 878 924 ven·

346 959 388 1007 ter
396 961 452 1006 erat
462 956 600 1015 solarium,
612 954 699 1004 ubivis
710 956 747 1004 stc
755 955 879 1005 monebat

344 1051 413 1097 esse,
430 1037 482 1086 nisi
498 1050 581 1100 quom
598 1037 637 1088 nil
658 1037 727 1089 erat.

1052 668 1182 748 Imm„
1196 665 1324 748 XXIII,
1343 671 1374 749 6,
1392 669 1445 735 ΙΙ.

985 806 1034 841 nec
1049 792 1122 856 apud
1135 805 1180 840 eos
1201 793 1314 856 (Persas)
1328 794 1402 843 extra
1411 794 1516 856 regales

986 873 1052 921 hora
1069 874 1110 921 est
1124 873 1279 936 praestituta
1290 871 1453 936 prandendi,
1469 872 1517 923 sed

988 955 1081 1002 venter
1107 953 1252 1015 unicuique
1282 953 1356 1002 velut
1389 953 1514 1003 solarium

985 1036 1034 1095 est,
1051 1046 1138 1096 eoque
1157 1035 1285 1083 monente
1300 1035 1373 1096 quod
1393 1032 1516 1084 inciderit

910 1131 913 1138 ·
986 1113 1114 1176 edifur,...

392 1286 476 1367 Quae
492 1295 605 1353 autem
623 1285 740 1353 omnia
753 1307 773 1350 a
787 1283 891 1352 variis
903 1282 1099 1352 auctoribus
1118 1283 1244 1374 scripta
1263 1305 1342 1353 cnm
1361 1285 1511 1353 Ammia-

291 1392 293 1397 ’
347 1403 422 1471 neis
435 1401 548 1469 verbis
568 1424 638 1470 non
658 1401 816 1469 adstricta
832 1400 1016 1469 cohaercnt.
1042 1399 1161 1490 Itaque
1177 1401 1298 1488 opinor
1315 1423 1366 1483 ea,
1385 1423 1455 1468 non
1470 1423 1512 1468 cu

342 1521 438 1589 libris
454 1520 552 1610 ipsis,
570 1520 630 1588 sed
645 1519 879 1587 tantummode
897 1541 937 1584 ex
953 1517 1066 1586 Nostri
1082 1517 1248 1585 memoria
1262 1519 1366 1586 fluere
1381 1519 1403 1583 ¹.

388 1638 499 1720 Quam
515 1636 551 1703 in
567 1638 770 1705 sententiam
789 1659 830 1704 eo
845 1635 956 1724 magis
972 1635 1131 1703 inductus
1147 1658 1224 1703 sum
1241 1635 1333 1727 quod
1347 1636 1384 1704 in
1398 1637 1451 1704 his
1461 1638 1511 1706 lo·
1597 1705 1609 1729 s

343 1758 391 1824 cis
407 1757 464 1824 ubi
486 1758 633 1825 Hunnos
650 1753 840 1843 descripsit,
860 1754 930 1820 iere
948 1750 1069 1818 iisdem
1086 1750 1199 1820 verbis
1217 1775 1301 1820 usus
1319 1762 1371 1820 est
1385 1753 1509 1845 quihus

342 1873 551 1942 Saracenos¹
569 1894 577 1941 :

506 2016 600 2099 XIV,
618 2021 649 2098 i,
667 2019 699 2085 3.

341 2155 391 2196 ne'c
421 2157 514 2195 eorum
548 2142 692 2207 quisquam
728 2135 871 2205 aliquando

340 2223 524 2291 apprehendit
537 2223 580 2273 vel
600 2223 723 2273 arborem
744 2221 808 2272 colii
826 2224 872 2271 aut

341 2321 405 2357 arva
433 2303 585 2369 subigendo
608 2304 733 2367 quaeritat
760 2304 870 2360 victum,

340 2387 387 2438 sed
400 2389 493 2435 errant
507 2398 614 2448 semper
628 2398 676 2448 per
691 2383 777 2448 spatIa
791 2384 871 2447 longe

339 2468 447 2531 lateque
462 2465 577 2515 distenta
593 2466 650 2514 sine
665 2463 787 2514 laresine
798 2463 870 2513 sedi-

340 2548 391 2599 bus
407 2548 465 2596 [ists
481 2548 528 2596 aut
540 2546 646 2610 legibus
662 2560 668 2594 ε

367 2633 379 2689 t
390 2632 415 2678 4.
426 2628 486 2677 Vita
496 2629 537 2677 est
549 2625 602 2675 iliis
613 2639 721 2689 semper
735 2626 764 2675 in
776 2627 870 2690 fuga...

369 2714 381 2768 ἓ
397 2711 420 2758 5.
438 2709 470 2758 Ut
484 2707 546 2757 alibi
556 2706 655 2758 mulier
668 2707 760 2767 nubat,
772 2709 801 2756 in
811 2707 870 2757 loco

338 2790 426 2854 pariat
445 2789 495 2838 alio
515 2789 668 2851 liberosque
686 2788 782 2850 procul
802 2788 869 2838 edu-

337 2873 409 2920 cat...

1119 2011 1245 2094 XXXI,
1260 2016 1293 2092 2,
1305 2015 1362 2081 Ιθ.

1007 2140 1091 2188 Nemo
1106 2138 1177 2202 apud
1195 2153 1242 2189 eos
1261 2141 1319 2189 arat
1337 2153 1387 2189 nec
1410 2139 1507 2193 stivam

977 2218 1123 2282 aliquando
1136 2219 1277 2284 contiugit.

1006 2381 1105 2432 Omnes
1129 2382 1199 2432 enim
1222 2382 1279 2432 sine
1304 2383 1412 2432 sedibus
1436 2382 1504 2445 fixis,

973 2463 1077 2527 absque
1093 2463 1149 2514 lare
1159 2463 1202 2513 vel
1212 2463 1271 2527 lege
1279 2465 1326 2514 aut
1336 2463 1405 2513 victu
1415 2464 1505 2515 stabili

927 2589 929 2592 ,
974 2539 1158 2608 disputantur,¹

973 2627 1086 2688 Semper
1101 2626 1263 2690 fugientium
1278 2628 1377 2677 similes
1380 2663 1481 2689 ..........
1492 2667 1500 2684 .

974 2706 1039 2757 alibi
1054 2712 1208 2772 conceptus.

972 2791 1109 2851 natusque
1126 2788 1228 2851 procul,

973 2871 1000 2926 et
1013 2869 1121 2932 longius
1143 2867 1501 2925 educatus......................

381 3026 499 3116 Neque
514 3027 627 3115 magis
643 3047 663 3093 a
679 3048 715 3093 se
731 3026 805 3115 ipso
822 3026 934 3094 differt
950 3027 1155 3095 Ammianus
1170 3027 1206 3094 in
1217 3026 1271 3094 his
1285 3028 1371 3096 locis
1386 3029 1444 3097 uhi
1460 3028 1501 3097 de

341 3141 478 3209 Parthis
495 3143 705 3232 Halanisque
716 3142 864 3232 agitur⁸z

467 3287 597 3373 XXIlI‚
621 3290 653 3373 6,
672 3291 725 3356 ΙΙ.

366 3417 471 3479 Eoique
501 3415 538 3464 ita
562 3415 707 3465 certamina
726 3416 821 3477 juvant
843 3417 869 3465 et

238 3523 244 3540 ι
331 3496 413 3558 bella,
427 3500 456 3546 ut
465 3493 600 3560 judicetur
610 3496 680 3544 inter
689 3495 755 3545 aiios
768 3509 864 3544 omnes
903 3550 906 3554 ,

331 3577 437 3636 beatus,
468 3578 514 3641 qui
543 3577 572 3625 in
594 3576 688 3640 proeiio
717 3575 869 3639 profuderit

331 3657 459 3707 animam.

363 3738 531 3790 Excedentes
564 3738 637 3787 enim
660 3752 674 3787 e
698 3738 754 3788 ufta
779 3740 868 3788 morte

329 3819 444 3870 fortuita
480 3818 609 3869 conviciis
642 3818 809 3870 insectantur
837 3821 867 3869 ut

328 3899 522 3962 degeneresJet
536 3898 657 3962 ignavos.

1109 3290 1238 3374 XXXI,
1256 3294 1288 3374 2,
1306 3295 1360 3359 22.

972 3413 1008 3463 ita
1038 3414 1099 3465 illos
1118 3415 1236 3480 pericula
1257 3419 1353 3479 juvant
1371 3419 1397 3467 et
1417 3416 1499 3467 bella.

971 3494 1112 3546 Iudicatur
1129 3497 1167 3546 ibi
1181 3497 1276 3547 beatus
1295 3499 1342 3560 qui
1363 3498 1392 3547 in
1407 3498 1503 3561 proelio

971 3577 1123 3638 profuderit
1137 3577 1264 3638 animam,

971 3739 1145 3787 senescentes
1163 3737 1277 3787 enimet
1295 3738 1414 3788 fortuitIs
1429 3753 1502 3790 mor-

971 3816 1045 3865 tibus
1060 3817 1163 3868 mundo
1180 3817 1317 3882 digressos
1336 3820 1367 3868 ut
1386 3819 1503 3881 degene-

970 3912 1013 3949 res
1028 3901 1055 3949 et
1075 3898 1189 3962 ignavos
1212 3899 1338 3948 conviciis
1362 3899 1499 3951 atrocibus

968 3979 1145 4039 insectantur,

374 4148 505 4230 Quibus
522 4150 693 4217 universis
718 4151 809 4218 notis
825 4161 925 4242 atque
946 4153 1122 4242 expositis,
1149 4154 1324 4244 inquirere
1346 4157 1446 4225 nohis
1461 4158 1500 4225 fit

328 4264 464 4332 facilius
479 4288 721 4356 quanovarum
731 4267 1031 4360 inauditorumque
1044 4291 1159 4337 rerum
1169 4271 1267 4362 copia
1277 4282 1378 4366 atque
1389 4274 1497 4341 varie-

326 4386 396 4447 tate
410 4381 484 4470 ejus
498 4380 730 4471 digressiones
745 4382 905 4472 polleant.

353 4557 375 4602 f.
393 4553 430 4603 cr.
448 4554 608 4615 Mommsen,
624 4525 736 4615 uermes,
751 4558 817 4616 xvi,
833 4571 878 4622 pp.
897 4560 943 4608 coa
957 4562 1047 4610 etam.

360 4635 383 4680 2.
397 4633 593 4695 Gardthausen,
609 4635 660 4687 loc.
673 4637 728 4696 cit,
739 4651 765 4701 p.
779 4641 806 4687 f.

356 4714 380 4767 3.
392 4713 487 4764 Confer
504 4717 661 4784 Mommsen,
679 4717 790 4780 Hermes,
801 4719 865 4778 XVI,
881 4734 907 4788 p.
924 4721 978 4774 607,
