3360 5446
807 471 1005 530 „58-

354 624 399 694 Ut
419 632 521 692 antea
535 622 709 714 disputata
728 623 876 693 breviter
897 623 1179 713 complectamur,
1199 623 1424 693 Ammianum
1446 626 1483 696 in

307 741 363 808 his
379 739 651 829 digressionibus
672 761 749 830 quae
770 738 814 806 ad
832 748 991 808 externas
1011 747 1133 828 gentes
1150 738 1335 831 pertinent,
1351 745 1488 835 conspi-

308 878 412 925 cuum
435 855 589 924 veritatis
614 876 766 924 amorem
785 855 976 945 prodidisse
996 864 1133 923 nonest
1153 855 1383 927 infitiandum.
1404 859 1487 927 Ete-

308 972 393 1054 nim,
404 973 446 1055 is,
460 993 655 1061 quanquam
671 993 733 1039 suo
745 971 781 1038 in
791 972 1027 1039 Romanorum
1040 970 1253 1039 dominatum
1269 981 1370 1063 atque
1388 973 1485 1042 insti·

310 1099 382 1157 tuta
398 1086 510 1155 studio
534 1110 672 1177 suaeque
689 1088 723 1154 in
740 1086 907 1156 Graeoiam
923 1087 1039 1178 pietati
1059 1109 1308 1179 nonnunquam
1324 1087 1481 1177 indulsit,

309 1215 423 1272 tamen
434 1206 585 1295 nonjure
597 1202 761 1272 dicendus
772 1214 824 1270 est
836 1202 1032 1272 Graecorum
1049 1204 1351 1296 Romanorumque
1365 1228 1478 1274 coecus

308 1319 506 1402 admirator,
525 1328 642 1410 utpote
667 1319 726 1410 qui
752 1341 863 1409 neque
882 1318 1105 1388 barbarorum
1126 1319 1286 1404 virtutes,
1309 1343 1420 1413 neque
1435 1322 1482 1390 ci·

306 1436 402 1505 vium
424 1456 567 1504 suorum
586 1435 670 1504 vitia
690 1434 876 1503 reticuerit.
890 1434 987 1503 Idem
1004 1434 1146 1503 minime
1163 1435 1404 1527 despiciendus
1426 1449 1479 1505 est

306 1553 342 1621 in
366 1553 419 1621 his
435 1573 511 1643 quae
526 1551 600 1620 visa
622 1551 678 1620 vel
697 1550 822 1620 tradita
840 1550 968 1619 retulit.
990 1550 1121 1634 Quibus
1140 1551 1176 1619 in
1198 1552 1373 1639 notandis,
1396 1576 1481 1644 prae·

307 1670 407 1760 cipue
428 1667 616 1736 nomadum
637 1664 719 1751 vita,
743 1675 873 1734 tantam
894 1665 1107 1757 diligentiam
1132 1675 1233 1758 etque
1260 1677 1330 1735 tam
1354 1668 1479 1737 subtile

308 1807 454 1854 acumen
473 1783 643 1875 praestitit,
661 1792 699 1851 ut
713 1783 898 1874 aequelium
913 1782 1149 1874 seriorumque
1165 1782 1370 1875 scriptorum
1386 1785 1483 1853 testi·

308 1901 433 1970 moniis
448 1900 648 1968 confirmata
659 1898 726 1966 sint
738 1921 814 1990 quae
825 1898 971 1989 scripsit.
986 1898 1111 1968 Contra
1122 1921 1205 1968 vero
1221 1898 1418 1968 habendum
1429 1911 1481 1969 est

304 2017 474 2108 judicium
491 2017 527 2082 in
541 2015 594 2082 his
609 2014 764 2106 legendis
785 2037 860 2105 quae
877 2038 918 2083 ex
933 2014 1103 2106 prioribus
1126 2014 1324 2085 auctoribus
1346 2017 1479 2107 petivit.

306 2135 475 2224 Namque,
493 2131 557 2200 etsi
579 2132 616 2200 in
636 2130 811 2200 nonnullis
829 2131 1050 2221 scriptoribus
1074 2131 1283 2214 evolvendis,
1301 2143 1335 2201 et
1350 2133 1483 2224 aliquot

306 2253 408 2320 rebus
433 2247 626 2338 deligendis
647 2271 717 2315 non
751 2247 858 2316 defuit
890 2247 1079 2338 diligentia,
1102 2256 1217 2316 tamen
1243 2249 1481 2340 compluribus

306 2368 343 2435 in
358 2365 454 2449 locis,
468 2364 657 2455 prasertim
670 2363 706 2431 in
724 2364 776 2431 his
790 2362 849 2432 ubi
864 2372 1082 2432 externarum
1097 2365 1251 2452 gentium
1267 2365 1372 2433 situm
1388 2387 1482 2434 oom-

306 2480 523 2564 memoravit,
541 2502 655 2547 rerum
673 2489 918 2569 auctorumque
933 2479 1186 2569 intelligentem
1208 2481 1481 2549 existimatorem

306 2600 379 2667 siue
396 2596 499 2664 dubio
516 2618 586 2663 non
605 2619 641 2663 se
656 2596 813 2685 praebuit.
