3360 5446
825 512 1025 587 wnge..

350 668 483 740 minudi
505 672 667 742 coloratis
689 675 819 765 sagulis
835 675 923 764 pube
946 685 1045 743 tenus
1067 675 1181 742 amicti
1205 687 1253 739 »¹.
1280 665 1361 739 Haec
1386 673 1513 747 autem,

350 811 427 879 quae
459 789 562 857 nimis
590 789 706 859 brevia
733 798 814 859 sunt
834 772 1002 873 habenda,
1028 788 1267 861 tantummodo
1293 787 1324 856 ei
1349 794 1428 854 sunt
1455 785 1516 852 tri-

349 903 496 974 buenda.

395 1020 594 1112 Ambigitur
608 1045 688 1091 vero
704 1033 817 1092 utrum
835 1047 911 1114 quae
928 1027 968 1094 de
982 1027 1092 1094 forma
1111 1026 1287 1094 Gallorum
1309 1032 1451 1091 externa
1468 1026 1514 1086 at-

353 1135 487 1218 tulit‚ea
497 1160 538 1205 ex
550 1161 612 1206 suo
623 1138 762 1226 ingenio
771 1140 941 1230 petiverit,
950 1164 1068 1212 necne.
1081 1137 1116 1210 Si
1128 1122 1419 1211 Gardthausenio¹
1430 1159 1512 1206 nou·

355 1250 527 1342 nullisque
545 1252 687 1320 eruditis
701 1253 804 1322 viris¹
819 1254 920 1323 tidem
936 1255 1083 1325 tribuere
1092 1257 1189 1338 velis,
1202 1254 1294 1323 haud
1306 1253 1449 1324 dubium
1466 1261 1517 1321 est

356 1363 436 1455 quin
453 1365 684 1450 Marcellinus,
699 1390 785 1458 quos
799 1368 1019 1452 Gallosvidit‚
1039 1391 1098 1438 eos
1114 1367 1342 1460 descripserit.
1360 1365 1459 1448 Quod
1474 1365 1517 1433 iis

355 1482 568 1573 comprobari
583 1482 718 1552 videtur
734 1482 882 1552 hocloco
899 1484 957 1553 uhi
967 1485 1169 1575 gallicarum
1184 1484 1367 1553 mulierum
1381 1481 1517 1550 fortitu·

356 1598 470 1666 dinem
480 1608 514 1666 et
524 1599 628 1667 robur
639 1599 768 1667 extollit
781 1623 788 1669 :
804 1629 820 1665 a
833 1603 901 1670 Nec
912 1601 1003 1670 enim
1014 1624 1134 1671 eorum
1146 1622 1353 1692 quemquam
1365 1597 1518 1667 adhibita

356 1736 462 1781 uxore
478 1713 659 1800 rixantem,
678 1716 788 1785 multo
804 1717 944 1785 fortiore
961 1728 994 1785 et
1008 1718 1142 1808 glauca,
1154 1716 1413 1807 peregrinorum
1430 1714 1518 1781 ferre

357 1828 628 1920 poteritglobus,
642 1840 711 1899 tum
726 1832 873 1901 maxime
884 1855 960 1901 cum
973 1833 1032 1901 illa
1040 1833 1157 1902 inflata
1167 1829 1296 1902 cervice
1305 1827 1520 1900 sullrendeus

356 1946 617 2035 ponderansque
632 1946 750 2017 niveas
764 1948 861 2018 ulnas
870 1959 904 2017 et
913 1958 1027 2018 vastas
1037 1949 1197 2018 admixtis
1205 1947 1355 2017 calcibus
1367 1947 1523 2015 emittere

360 2062 501 2152 caeperit
528 2084 661 2153 pugnos
677 2069 717 2132 ut
738 2067 927 2156 catapultas
945 2065 1117 2135 tortilibus
1142 2066 1257 2133 nervis
1282 2084 1443 2133 excussas
1468 2089 1484 2126 a
1498 2067 1521 2130 ⁶.

363 2176 545 2246 Certefieri
560 2179 672 2270 potuit
688 2192 727 2249 ut
740 2182 862 2248 Noster
877 2182 914 2249 iu
934 2182 1080 2273 quadam
1099 2181 1175 2249 rixa
1187 2181 1367 2248 interesset
1382 2178 1440 2247 ubi
1455 2178 1526 2268 gal-

361 2293 463 2361 licam
477 2317 620 2364 uxorem
635 2319 696 2386 pro
717 2297 840 2365 marito
862 2308 1074 2388 pugnantem
1096 2297 1237 2366 videret.
1261 2297 1331 2365 Sed
1352 2296 1424 2363 haec
1447 2296 1528 2362 Am·
1628 2350 1631 2370 ,

364 2409 469 2477 miani
487 2410 588 2479 verba
603 2412 643 2480 de
659 2396 860 2481 mulieribus
881 2415 1013 2503 gallicis
1031 2443 1046 2477 «
1064 2415 1241 2506 glauca...
1255 2411 1526 2481 niveasulnas...

365 2539 399 2596 et
427 2538 541 2597 vastas
565 2553 700 2621 pugnos
724 2542 762 2598 ut
780 2534 969 2624 catapultas
999 2532 1170 2601 tortilibus
1195 2530 1309 2599 nervis
1332 2549 1492 2597 excussas
1512 2553 1529 2590 »

365 2664 432 2711 non
448 2645 558 2733 magis
568 2655 657 2713 recte
668 2669 770 2736 quam
785 2669 825 2714 ea
836 2670 912 2738 quae
927 2649 966 2715 de
976 2648 1059 2716 viris
1070 2648 1184 2715 attulit
1197 2673 1213 2708 «
1229 2644 1382 2715 celsioris
1394 2652 1531 2711 staturae

366 2770 399 2827 et
420 2759 556 2828 candidi
576 2784 672 2850 paeue
695 2761 784 2831 Galli
809 2773 887 2830 sunt
904 2786 1022 2831 omnes
1043 2772 1076 2830 et
1100 2763 1193 2831 rutili
1199 2813 1278 2832 ......
1305 2759 1454 2852 pectoris
1481 2780 1533 2826 ro·

366 2875 448 2944 bore
462 2923 558 2946 .......
584 2878 664 2965 gelu.
685 2878 814 2946 duratis
834 2879 976 2947 artubus
997 2888 1030 2947 et
1053 2878 1169 2948 labore
1194 2877 1333 2946 assiduo
1346 2876 1396 2958 »⁸‚
1414 2875 1456 2943 ad
1473 2896 1533 2942 eos

367 2992 424 3083 qui
450 3003 571 3082 quarto
592 2993 750 3064 vixerunt
773 2995 911 3076 saeculo,
935 2996 1115 3064 referenda
1134 3018 1208 3063 esse
1234 2994 1366 3086 opinor.
1393 2989 1532 3058 Etenim

364 3108 497 3198 jamdiu
511 3108 599 3178 Galli
613 3133 688 3180 cum
702 3113 865 3181 Romanis
874 3112 1018 3204 aliisque
1029 3112 1165 3203 populis
1176 3112 1225 3179 ita
1234 3107 1411 3179 commixti
1422 3113 1532 3190 erant,

370 3235 407 3293 ut
423 3225 563 3295 dubium
580 3229 622 3296 sit
642 3251 701 3297 eos
718 3238 798 3297 tuuc
812 3229 899 3296 tales
921 3251 996 3297 esse
1010 3227 1129 3319 quales
1146 3226 1299 3317 depinxit
1311 3224 1530 3293 Ammianus.

371 3342 792 3413 Prohahiliushabendum
803 3353 856 3413 est
866 3346 909 3414 iis
919 3345 1194 3413 vultuscolorem
1209 3343 1325 3412 minus
1336 3339 1533 3425 candidum,

403 3675 425 3723 t.
441 3672 504 3732 xlv,
518 3676 541 3732 t,
561 3673 584 3722 3.

403 3756 426 3804 2.
441 3753 636 3815 Gardthausen,
652 3753 699 3805 loc.
715 3754 769 3816 cit,
781 3769 808 3820 p.
819 3756 842 3805 5.

405 3836 428 3883 3.
443 3833 481 3883 ct.
499 3855 510 3878 o
521 3834 553 3884 ut
567 3846 670 3884 comme
685 3835 706 3884 il
719 3849 790 3886 nous
801 3831 923 3900 appreud
933 3833 1075 3885 lui-meme
1088 3832 1233 3898 qu'ilavait
1247 3831 1287 3882 ete
1296 3828 1363 3882 dans
1377 3830 1415 3880 les
1431 3829 1538 3891 Gentes,

374 3914 531 3979 vingt-deux
545 3927 595 3963 aus
612 3918 779 3980 auparavout
793 3916 906 3980 (l'auuee
919 3915 973 3978 ³78)
988 3929 1054 3965 avec
1067 3915 1093 3964 le
1107 3913 1217 3979 general
1236 3911 1340 3963 Ursiciu
1363 3912 1379 3961 a
1393 3910 1539 3962 l'occasiou

373 3996 405 4045 de
419 3996 445 4045 la
460 3995 558 4045 ret-otte
573 3993 606 4043 de
628 3996 734 4060 Sylvaiu
762 3999 789 4046 et
812 3996 876 4061 qu'il
897 4009 930 4046 eu
944 4001 994 4060 put
1014 3997 1095 4046 sortir
1110 4009 1145 4045 eu
1159 3996 1213 4055 356,
1229 3993 1360 4058 quelques
1374 3993 1444 4042 mois
1458 3994 1539 4056 apres

372 4075 495 4126 l'arriree
519 4075 552 4124 de
571 4075 668 4138 Julian,
681 4090 716 4126 ou
742 4079 805 4141 peut
827 4078 882 4128 atre
908 4078 954 4126 sur
967 4077 1032 4140 qu'il
1045 4079 1120 4141 paint
1141 4076 1166 4125 la
1180 4075 1274 4124 uatieu
1288 4087 1392 4123 comme
1409 4073 1459 4122 etle
1475 4074 1542 4123 etuit

373 4155 454 4217 alors,
484 4159 510 4205 et
534 4154 596 4205 telle
613 4157 678 4220 qu'il
705 4157 834 4208 l'chserva
859 4177 870 4201 u
887 4157 999 4221 (Guium,
1017 4157 1152 4207 lte'motres
1168 4170 1215 4205 aar
1233 4153 1360 4204 t’ltistor're
1376 4153 1409 4203 de
1426 4154 1539 4215 Franco,

371 4235 483 4295 lotrad..
498 4251 525 4301 p.
541 4236 608 4297 269).

406 4338 416 4362 a
433 4319 472 4367 ttu
484 4316 632 4379 crtntpreud
648 4319 707 4366 tout
722 4317 754 4366 de
768 4318 836 4367 suite
849 4318 1018 4382 qu'rtmmieu
1035 4332 1109 4374 aru.
1125 4316 1189 4381 qu'it
1202 4316 1292 4365 areca
1306 4313 1394 4377 parmi
1411 4313 1451 4363 les
1467 4316 1538 4363 Gau-

373 4397 424 4446 lois
449 4395 516 4446 deut
530 4397 547 4444 lt
563 4395 637 4460 parta
656 4416 667 4441 a
685 4396 842 4460 (Belloguet,
866 4397 1027 4463 Ettaoptoie
1036 4398 1163 4462 paulotae,
1174 4397 1224 4447 loc.
1240 4395 1295 4454 eit,
1311 4394 1340 4442 2·
1351 4395 1447 4458 partic,
1469 4397 1539 4456 1872,

371 4478 458 4539 aaa).

404 4557 502 4611 Cantor
516 4572 624 4624 quoque
635 4558 728 4619 Zeller,
746 4559 952 4610 Eatvatteasaur
969 4559 993 4608 le
1007 4575 1099 4626 moyen
1114 4563 1171 4624 ἀρε,
1188 4562 1208 4610 t.
1224 4561 1244 4616 l.
1260 4576 1287 4625 p.
1301 4562 1356 4610 t85,

405 4644 428 4688 t.
443 4639 495 4700 XV,
515 4642 589 4700 ΗΑ.

403 4723 427 4769 5.
444 4720 495 4779 XV,
517 4723 552 4780 tfl,
569 4722 618 4770 tet
633 4724 654 4770 3.
