3360 5446
748 499 948 580 „¹25-

299 645 429 736 Guique
448 649 512 716 hos
531 649 625 718 locos
642 650 829 718 conferenti
857 650 964 741 liquet
986 646 1207 715 Ammianum
1229 667 1306 734 quae
1331 646 1420 734 apud

252 761 772 853 prioremscriptoremlegisset,
781 788 822 834 ea
832 763 1169 856 assumpsisseatque
1180 760 1419 851 amplificasse.

251 876 371 967 Neque
390 876 530 945 dubium
548 889 600 945 est
620 879 702 969 quin
717 879 772 946 his
789 879 899 947 verbis
921 905 938 942 ιι
964 878 1054 970 apud
1069 886 1243 948 veteres...
1263 877 1419 945 diceban·

252 1002 310 1060 tur
327 1020 343 1054 a
363 992 469 1060 alium
486 1003 662 1062 auctorem
672 1003 773 1085 atque
784 994 896 1085 ipsum
912 994 1080 1062 Caesarem
1092 992 1245 1060 indicare
1255 991 1417 1058 noluerit.

298 1107 419 1177 Utrum
439 1109 482 1176 iis
499 1109 651 1178 lontibus
672 1132 714 1176 ex
738 1107 864 1200 quibus
884 1130 947 1176 sua
968 1108 1122 1176 hauserit
1136 1107 1272 1191 Noster,
1289 1108 1419 1175 adscri-

252 1223 383 1291 bendus
400 1224 444 1292 sit
460 1225 613 1308 Tacitus,
633 1246 753 1309 necne,
769 1224 956 1315 dijudicare
976 1223 1113 1292 difficile
1129 1231 1192 1290 est.
1213 1221 1360 1304 Etenim,
1382 1231 1420 1288 ut

248 1341 322 1428 jam
337 1338 590 1408 contenderunt
600 1338 663 1408 viri
681 1339 914 1424 eruditissimi,
931 1361 1130 1430 quanquam
1142 1361 1186 1406 ue
1198 1360 1265 1405 uno
1282 1336 1421 1428 quidem

253 1457 329 1525 loco
344 1457 446 1546 hujus
461 1458 671 1527 mentionem
686 1457 832 1527 reddidit
849 1457 1066 1542 Ammianus,
1090 1463 1207 1525 tamen
1229 1477 1309 1524 eum
1334 1455 1422 1521 iuter
1457 1451 1461 1458 ’

254 1571 471 1642 scribendum
488 1573 616 1642 imitari
631 1576 716 1671 ipse
741 1573 883 1664 potuit¹.
910 1574 980 1656 Sic,
1007 1596 1083 1665 quae
1108 1572 1139 1640 is
1157 1571 1198 1640 de
1218 1570 1420 1639 Alamannis

254 1687 379 1772 attulit,
394 1688 544 1781 aliquam
560 1689 822 1758 similitudinem
833 1691 869 1758 in
886 1689 1064 1759 sententiis
1075 1711 1145 1779 prae
1162 1710 1199 1756 se
1215 1687 1330 1756 lerunt
1344 1708 1421 1755 cum
1527 1747 1529 1750 ,

253 1801 307 1870 his
321 1826 397 1894 quae
413 1803 454 1873 de
471 1805 649 1874 Germanis
664 1805 847 1896 scripserat
862 1808 999 1876 Tacitus
1010 1807 1034 1876 ².

254 2049 347 2132 Tac,
365 2052 413 2116 De
434 2070 517 2115 mor.
540 2050 668 2134 Germ,
689 2051 780 2120 XVI.
972 2053 1103 2135 Amm,
1124 2048 1217 2134 XVI,
1239 2052 1272 2129 2,
1291 2049 1344 2113 12.

284 2190 375 2239 Nullas
397 2191 593 2241 Germanorum
615 2191 725 2256 populis
740 2205 784 2242 ur·
921 2194 988 2243 Nam
1009 2193 1069 2257 ipsa
1093 2192 1189 2256 oppida
1208 2195 1239 2241 ut
1260 2186 1424 2239 circumdata
1461 2178 1463 2183 ’

253 2271 303 2320 bes
312 2270 428 2320 habitari
441 2273 537 2320 notum
552 2273 602 2332 est,
617 2285 650 2322 ne
661 2272 717 2337 pati
727 2273 787 2336 qui·
890 2273 968 2324 retiis
982 2273 1063 2324 busto
1078 2272 1224 2323 declinant.

256 2353 320 2402 dem
333 2351 403 2402 inter
425 2366 454 2402 se
465 2354 575 2415 iunctas
591 2353 679 2415 sedes.
692 2354 788 2404 Colunt

255 2432 364 2482 discreti
373 2445 403 2482 ac
415 2431 513 2482 diversi
514 2468 584 2491 ......

466 2584 595 2652 xxii„
947 2653 950 2661 ,
1033 2581 1283 2666 xvl11,2,13.

202 2766 206 2774 .
283 2725 360 2776 Diem
375 2729 538 2791 noctemque
557 2727 716 2778 continuere
736 2742 786 2793 po·
893 2728 981 2794 epulis
1004 2727 1149 2791 adusque
1172 2723 1291 2787 vigiliam
1319 2724 1425 2773 tertiam

254 2806 336 2857 tando
348 2807 417 2858 nulli
430 2807 572 2871 probrum.
892 2808 986 2874 gentili
997 2821 1072 2858 more
1088 2805 1243 2865 extentis...

279 3016 655 3086 .Ammadvertendum
681 3030 734 3086 est
759 3029 873 3087 tamen
894 3018 1133 3088 Marcellinum
1155 3026 1312 3084 nostrum
1337 3024 1425 3082 trau-

174 3193 176 3197 ,
257 3132 433 3222 scripsisse
449 3133 583 3201 nullum
596 3134 736 3202 verbum
750 3158 793 3202 ex
807 3136 860 3203 his
872 3135 996 3225 quibus
1012 3135 1104 3225 prior
1114 3134 1259 3222 scriptor
1271 3152 1354 3199 usus
1368 3130 1422 3196 sit.

259 3248 360 3318 Unde
377 3249 466 3317 litut
483 3273 538 3318 res
555 3251 751 3342 ambigendi
766 3262 924 3320 naturam
939 3250 1073 3319 habeat.
1106 3237 1107 3240 ¹

304 3364 431 3434 Contra
439 3388 520 3435 vero
534 3365 620 3434 mihi
635 3366 728 3434 haud
739 3367 880 3435 dubium
891 3377 943 3435 est
953 3366 1034 3458 quin
1044 3365 1232 3453 sublegerit
1242 3373 1342 3453 atque
1353 3362 1428 3429 bre·

258 3481 347 3550 viter
367 3483 575 3551 contraxerit
597 3505 673 3573 quae
695 3483 731 3550 in
745 3483 932 3555 {Pausaniae
969 3503 1070 3572 opere
1099 3481 1362 3549 continebantur
1385 3478 1425 3545 de

260 3599 496 3668 Sarmatorum
512 3597 615 3667 armis
633 3623 640 3668 :

293 3897 362 3958 tut.
379 3897 456 3960 Hugo
472 3896 592 3956 Michael,
606 3897 722 3955 deecit,
736 3885 783 3960 ipss.
800 3897 823 3944 3.

292 3980 316 4028 2.
332 3977 428 4027 Conler
440 3978 568 4042 Wagner,
586 3975 680 4027 Gomm.
705 3977 734 4025 ia
756 3976 933 4037 Ammianum,
950 3975 994 4026 ed.
1010 3972 1129 4034 Erfurdt,
1146 3974 1215 4033 1808,
1244 3974 1263 4023 t.
1277 3971 1309 4030 ll,
1331 3984 1357 4034 p.
1374 3969 1429 4018 302.

292 4058 421 4109 Similiter
444 4058 601 4109 Ammianus
625 4071 686 4108 cum
712 4057 801 4107 Tacito
825 4056 951 4105 convenit
969 4054 1059 4118 aliqua
1083 4067 1115 4102 ex
1135 4054 1211 4118 parte
1234 4052 1263 4102 in
1287 4051 1339 4102 alio
1361 4050 1431 4103 loco,

259 4138 306 4189 nbi
319 4139 352 4189 de
367 4138 466 4198 Quadis
477 4141 583 4191 locutus
595 4139 652 4187 est:

253 4237 255 4243 ’
326 4262 721 4324 raeit.,nem0r.oerm.,x1.
1027 4260 1126 4322 amm,
1142 4259 1216 4320 xxx,
1232 4260 1256 4317 e,
1271 4259 1294 4308 ι.

290 4363 328 4412 De
361 4361 512 4412 minoribus
544 4361 627 4412 rebus
656 4361 791 4426 principes
895 4357 962 4407 nibil
984 4371 1018 4406 eu
1041 4358 1169 4408 communi
1189 4361 1274 4408 mente
1289 4371 1427 4418 procerum

259 4442 423 4504 consultant,
450 4441 483 4492 de
508 4442 657 4507 majoribus
687 4456 789 4503 omnes,
894 4438 978 4500 centis
991 4438 1117 4488 delictum
1128 4441 1313 4488 asseverantes
1323 4440 1352 4488 in
1362 4452 1426 4488 nos-

259 4524 297 4573 ite
319 4523 411 4573 temen
432 4525 463 4572 ut
484 4537 515 4572 ea
536 4536 654 4586 quoque,
676 4536 789 4586 quorum
894 4521 998 4580 tros...

259 4617 342 4668 penes
365 4602 471 4667 plebem
492 4603 633 4654 arbitrium
653 4607 701 4662 est,
716 4607 790 4667 apud

259 4684 389 4749 principes
397 4686 595 4748 pertractentur
