3360 5446
650 485 687 495 -
729 449 747 511 7
790 489 827 500 ..

265 597 389 680 Strab.,
406 599 467 681 XI,
485 604 518 680 8,
539 603 570 669 6.
859 608 989 688 Amm.‚
1007 605 1133 686 XXXI,
1153 609 1186 681 2,
1202 606 1255 670 22.

155 737 259 795 θάνατος
274 737 299 789 δὲ
312 740 433 801 νομίζεται
449 742 601 808 παρόιὺτοῖς
614 743 686 809 ἅριο·
794 746 830 794 ita
854 746 915 796 illos
938 747 1058 811 pericula
1077 749 1175 811 juvant
1198 749 1224 795 et
1244 743 1323 793 bellu.

792 825 930 876 ludicatur
947 828 985 877 ibi
1005 829 1111 890 beatus,
1127 826 1211 891 quiin
1229 823 1324 890 proelio

735 867 739 923 Ι
847 896 849 901 ,

793 907 944 970 profuderit
961 912 1090 966 astruam,

157 1028 214 1092 τοὺς
232 1035 259 1086 δὲ
278 1035 346 1102 νὸσῳ
367 1038 486 1095 θανόντας
503 1033 686 1103 dioscuriade
794 1045 967 1093 senescentes
981 1044 1054 1092 enim
1074 1048 1101 1093 et
1120 1039 1237 1092 fortuitis
1252 1051 1323 1088 mor·

794 1122 868 1173 tibus
883 1123 984 1173 mundo
999 1123 1146 1188 digressos,
1167 1122 1197 1170 ut
1211 1120 1328 1183 degene-

794 1217 838 1253 res
863 1206 888 1252 et
911 1206 1023 1268 ignavos
1048 1201 1175 1252 conviciis
1194 1199 1327 1250 atrocibus

795 1285 969 1334 insectantur.

205 1412 280 1481 Non
304 1424 492 1483 esttamen
517 1415 790 1486 obliviscendum
816 1419 922 1510 (quod
946 1418 1007 1486 tibi
1031 1418 1174 1510 planum
1197 1415 1274 1495 erit,
1297 1413 1328 1481 si

160 1530 263 1618 graeci
279 1532 468 1622 geographi
484 1544 682 1602 contextum
697 1535 860 1603 attentius
881 1534 1079 1626 intueberis)
1101 1531 1329 1603 Straboniana

161 1644 204 1712 ad
219 1645 311 1712 hunc
325 1644 440 1715 locum
459 1658 611 1737 spectare
626 1649 686 1719 ubi
702 1650 947 1719 Eratosthenes
964 1650 1037 1740 ipse
1052 1649 1118 1718 fnit
1134 1648 1326 1717 landatus¹.

159 1760 222 1828 His
238 1761 346 1850 igitur
362 1764 565 1833 adducimur
579 1775 628 1849 nt,
649 1766 718 1835 alia
739 1789 759 1835 a
774 1767 954 1852 Strabone,
972 1767 1038 1834 alia
1063 1765 1105 1834 ab
1129 1762 1325 1844 Ammiano,

159 1877 281 1945 hausta
300 1901 375 1946 esse
396 1902 439 1947 ex
462 1881 702 1964 Eratosthene,
727 1883 901 1950 communi
924 1881 1103 1972 utriusque
1126 1881 1232 1961 fonte,
1258 1888 1326 1946 sta-

157 2002 307 2064 luamus,

203 2111 365 2180 Attamen
376 2136 445 2181 non
459 2115 508 2182 ita
522 2137 577 2182 res
589 2137 625 2182 se
642 2115 744 2182 habet
760 2115 800 2183 de
815 2113 989 2182 nonnullis
1003 2113 1177 2181 Ammiani
1192 2113 1278 2181 locis
1290 2113 1333 2181 ad

160 2225 275 2296 Gallos
291 2229 541 2318 pertinentibus
560 2253 646 2321 quos
663 2253 683 2298 a
698 2229 934 2301 Strabonianis
954 2251 1024 2296 non
1045 2230 1236 2319 discrepare
1258 2251 1335 2317 per-

160 2343 243 2432 spici
261 2355 374 2435 potest
388 2369 430 2413 ex
446 2347 510 2416 hac
525 2347 726 2415 collatione¹
747 2367 754 2414 :

270 2508 394 2591 Strab,
413 2508 474 2594 IV,
497 2514 526 2592 1,
544 2513 575 2575 l.
903 2511 1034 2591 Amm,
1053 2507 1128 2588 XV,
1145 2509 1177 2589 9,
1196 2511 1227 2588 8,

158 2632 214 2697 cpia
223 2636 288 2698 φῦλα
302 2643 351 2686 τῶν
367 2636 513 2700 τιμωμένων
525 2636 691 2702 διαφερόντως
832 2632 925 2683 Studia
947 2633 1123 2684 laudabilium
1140 2631 1333 2690 doctrinarum,

158 2709 323 2780 ἐστί,Βάρδοι
337 2736 361 2767 τε
378 2717 422 2768 καὶ
435 2711 545 2776 Οὗάτεις
557 2720 600 2769 καὶ
615 2715 690 2784 Aput·
799 2714 923 2765 inchoata
941 2728 991 2779 per
1012 2713 1110 2764 Bardos
1125 2715 1153 2764 et
1167 2713 1290 2776 Euhages
1306 2712 1334 2761 et

159 2797 208 2847 δαι,
793 2795 936 2845 ’ὓΐυεὶἀου.

189 2931 283 2997 Βάρδοι
296 2932 338 2995 μὲν
352 2931 459 2996 ὑμνηταὶ
474 2934 516 2984 καὶ
530 2930 642 2994 ποιηταί,
831 2931 865 2980 Et
875 2928 953 2978 Bardi
964 2928 1044 2977 fortia
1054 2928 1174 2977 virorum
1186 2925 1331 2976 illustrium

801 3010 910 3060 iacta...
926 3009 1098 3059 cantitarunt.

190 3145 296 3205 Οὖάτεις
306 3147 333 3198 δὲ
343 3149 465 3213 ἱεροποιοὶ
477 3151 520 3199 καὶ
532 3147 689 3212 φυσιολόγοι,
830 3145 955 3208 Euhages
976 3156 1040 3192 vero
1063 3143 1212 3192 scrutantes
1236 3142 1334 3191 seriem

800 3227 827 3275 et
842 3223 966 3275 sublimia
985 3224 1088 3272 naturae
1109 3221 1229 3286 pandere
1251 3235 1332 3271 cona·

799 3305 907 3354 bantur.

189 3438 295 3506 Δρυΐδαι
309 3440 336 3491 δὲ
353 3441 415 3498 πρὸς
431 3445 460 3515 τῇ
478 3439 627 3508 φυσιολογίᾳ
645 3440 689 3491 καὶ
799 3437 870 3487 inter
895 3451 941 3486 ees
966 3435 1116 3485 Drasidae...
1136 3432 1332 3498 questionibus

158 3515 200 3580 τὴν
214 3513 300 3583 ἠθικὴν
316 3518 464 3583 φιλοσοφίαν
477 3521 586 3572 ἀσκοῦσι
603 3557 609 3569 .
631 3558 636 3569 .
657 3559 661 3568 .
683 3559 688 3568 .
800 3517 965 3567 occultarum
973 3511 1333 3576 rerumaltarumqueerecti

801 3601 827 3648 et
842 3598 1030 3661 despectantes
1044 3596 1164 3646 humana

160 3767 166 3779 ·
185 3770 191 3781 .
211 3770 216 3780 .
241 3734 379 3801 ἀφθάρτους
397 3734 424 3785 δὲ
440 3736 541 3801 λέγουσι
559 3738 603 3788 καὶ
623 3728 690 3797 οὗτοι
799 3733 1012 3796 pronuntiarunt
1022 3732 1126 3782 animas
1138 3725 1314 3780 immortales.

158 3814 199 3862 καὶ
216 3813 287 3865 ἄλλοι
304 3812 347 3875 τὰς
366 3815 450 3880 ψυχὰς
452 3846 689 3865 ..........

227 3984 230 3989 ’
256 3983 383 4066 Strab.,
408 3983 470 4066 IV,
497 3987 529 4065 l,
560 3987 592 4053 6.
892 3981 1116 4064 Amm.‚XV‚
1136 3983 1188 4061 12,
1207 3985 1237 4045 1.

158 4109 202 4160 καὶ
223 4107 403 4165 castaldatus
421 4110 594 4175 θρυλουμένων
611 4104 687 4169 ἐστίν,
799 4105 871 4155 avidi
887 4104 1038 4168 jurgiorum
1061 4110 1087 4155 et
1104 4103 1236 4155 sublatius
1252 4102 1329 4152 inso·
1357 4125 1360 4133 ·

158 4186 195 4238 ὅτι
216 4189 305 4247 πάντες
328 4189 419 4241 Κελτοὶ
437 4189 571 4254 pitveris
587 4190 614 4240 τέ
631 4185 687 4249 εἶσι,
798 4189 894 4237 tentes.

202 4385 284 4467 Quae
299 4387 416 4455 omnia
433 4389 533 4456 unice
548 4389 590 4456 ad
600 4388 787 4476 Europaeos
800 4383 917 4452 Gallos
932 4394 1084 4473 spectare
1095 4382 1215 4472 liquet.
1238 4379 1328 4451 Satis

189 4576 211 4623 1.
228 4574 424 4636 Gardthausen,
441 4575 490 4626 loc.
507 4576 562 4637 cit,
577 4591 603 4641 p.
618 4579 701 4627 36-10.

188 4656 210 4704 2.
227 4655 324 4706 Confer
339 4656 486 4722 Belloguet,
504 4658 638 4709 Gloeraire
650 4655 764 4721 pauleia,
781 4645 863 4712 Paris,
878 4654 948 4713 1812,
963 4667 990 4717 p.
1005 4655 1059 4703 203.
