3360 5446
739 493 954 564 -3-'

291 669 354 735 His
371 667 561 757 perpensis,
575 666 649 757 jum
668 666 869 735 adducimur
885 675 922 731 ut
939 665 1119 754 opinemur
1138 688 1216 732 eum
1234 664 1360 730 multos
1376 684 1414 730 ao

246 783 360 850 varios
375 781 510 849 trivisse
528 781 648 864 libros,
666 804 708 848 ex
723 780 849 872 quibus
863 790 1053 847 memoratu
1070 778 1173 870 digna
1188 779 1242 846 vel
1257 778 1300 845 ad
1316 791 1416 844 suum

139 920 150 976 ζ
187 942 190 948 -
247 898 432 967 consilium
446 897 572 968 idonea
585 898 805 989 excerpserit.

139 1009 144 1017 “
293 1017 453 1083 Attamen
471 1015 776 1093 Gardthausenius,
796 1014 848 1081 vir
863 1015 1001 1104 quidem
1021 1012 1287 1094 eruditissimus,
1301 1011 1337 1078 iu
1352 1012 1417 1079 hoc

251 1131 429 1219 opusculo,
448 1130 505 1197 ubi
524 1130 565 1198 de
580 1129 821 1220 geographicis
834 1128 1008 1195 Ammiani
1017 1127 1169 1196 fontibus
1185 1126 1360 1208 disseruit,
1377 1149 1419 1193 ex

252 1245 397 1335 quodam
418 1245 528 1336 ignoti
549 1245 738 1336 geographi
759 1267 874 1334 opere,
899 1245 988 1334 quod
1011 1243 1254 1312 schematioam
1271 1265 1419 1334 geogra-

246 1359 366 1452 phiam
380 1370 491 1445 vocat,
504 1361 594 1428 haud
610 1382 719 1453 pauca
732 1383 808 1428 esse
824 1362 931 1450 petita
946 1359 1147 1428 contendit¹.
1161 1359 1224 1427 Cui
1240 1359 1269 1426 si
1283 1360 1419 1428 credere

252 1476 347 1558 velis,
365 1476 571 1556 Ammianus
593 1497 661 1543 non
684 1476 761 1544 illos
780 1485 935 1543 auctores
952 1476 1155 1565 quibuscum
1173 1473 1344 1565 congruit,
1363 1475 1423 1543 sed

253 1601 383 1660 tantum
400 1593 492 1661 hunc
507 1594 744 1684 geographum
761 1593 819 1683 qui
839 1615 880 1660 ex
896 1616 1016 1661 eorum
1036 1592 1131 1660 libris
1148 1600 1307 1681 excerpta
1321 1591 1422 1659 colle·

253 1709 352 1796 gerit,
371 1710 575 1800 plerumque
591 1709 758 1779 adhibuit.

297 1825 371 1906 Qua
391 1824 431 1892 de
455 1848 490 1892 re
511 1826 772 1907 Mommsenius,
795 1820 847 1893 vir
867 1849 937 1893 non
963 1826 1076 1893 minus
1099 1825 1254 1893 eruditus
1275 1846 1315 1892 ac
1339 1844 1422 1891 sano

249 1940 380 2031 judicio
397 1941 572 2030 praeditus,
587 1965 657 2009 non
672 1942 762 2009 idem
781 1942 894 2010 sentit.
913 1945 1023 2030 Negat
1034 1943 1125 2010 enim
1141 1965 1217 2009 eam
1232 1942 1423 2009 Gardthau-

255 2058 340 2124 senii
368 2061 600 2146 conjecturam
627 2059 663 2125 iu
690 2059 858 2126 auxilium
882 2082 957 2126 esse
978 2059 1167 2126 vocandam
1190 2069 1226 2125 ut
1250 2057 1424 2125 Ammiani

256 2173 444 2241 Marcellini
461 2174 682 2264 geographici
697 2158 809 2244 fontes
828 2174 975 2243 dilucide
992 2175 1188 2264 aperiantur
1205 2194 1214 2241 τ
1231 2183 1326 2264 putat
1342 2176 1425 2241 Am·

256 2285 411 2353 mianum
439 2308 507 2353 uon
535 2286 800 2354 adscribendum
824 2287 1022 2377 hujusmodi
1048 2286 1268 2377 scriptoribus
1298 2286 1357 2377 qui
1381 2286 1424 2354 ad

257 2423 360 2491 opera
376 2401 617 2492 componenda
631 2403 700 2470 lere
717 2425 786 2470 uno
804 2401 889 2468 libro
905 2408 1060 2484 utantur,
1074 2403 1133 2468 sed
1149 2402 1192 2469 iis
1204 2402 1261 2493 qui
1276 2403 1426 2492 complu·

257 2541 310 2586 res
325 2518 495 2587 evolvant.
510 2518 622 2600 Quam
634 2518 671 2584 in
686 2518 892 2586 sententiam
906 2537 946 2585 eo
961 2519 1071 2609 magis
1082 2519 1235 2586 eundum
1249 2541 1324 2586 esse
1337 2518 1427 2586 exis-

259 2634 356 2718 timo,
372 2633 462 2724 quod
481 2633 536 2701 his
552 2655 655 2724 supra
671 2632 851 2724 disputatis
866 2656 906 2702 ea
917 2634 990 2725 jam
1007 2636 1227 2725 comprobata
1243 2656 1318 2702 esse
1335 2635 1428 2703 vide-

258 2758 324 2819 tur.

303 2867 434 2958 ltaque,
448 2866 539 2957 quod
549 2867 606 2935 hic
616 2865 671 2934 vir
683 2866 904 2936 doctissimus
920 2870 961 2937 de
973 2869 1214 2959 geographicis
1227 2870 1380 2938 fontibus
1393 2873 1429 2938 in

260 2974 461 3042 universum
476 2973 698 3058 asseveravit,
716 2975 750 3042 id
767 2974 807 3042 de
823 2975 878 3042 his
892 2999 977 3067 quos
993 2977 1180 3068 separatim
1199 2977 1347 3068 inquiro,
1359 3001 1428 3046 non

260 3091 400 3166 temere,
415 3082 538 3174 conJici
555 3090 677 3172 potest.
737 3081 755 3155 ’,

305 3190 437 3280 Exque
454 3189 537 3258 satis
552 3189 661 3279 liquet
675 3211 752 3280 quae
768 3190 855 3257 ratio
871 3189 955 3257 mihi
971 3191 1182 3259 assumenda
1197 3191 1252 3272 sit,
1270 3194 1431 3260 utfcntes

261 3297 445 3387 reperirem
469 3297 658 3388 euquibus
676 3319 760 3364 usus
782 3297 1049 3365 sit'Ammianus
1073 3297 1110 3365 in
1130 3299 1182 3366 his
1209 3299 1433 3390 digressioni-

262 3403 325 3471 bus
344 3404 403 3471 ubi
420 3410 540 3494 gentes
560 3404 755 3493 descripsit.
771 3404 1001 3472 Percensendi
1019 3404 1104 3471 mihi
1118 3407 1267 3484 fuerunt,
1280 3429 1349 3474 uon
1361 3418 1434 3475 tan-

261 3517 335 3579 tum
350 3511 376 3579 ii
399 3521 556 3579 auctores
577 3533 664 3602 quos
681 3511 884 3592 nominavit,
903 3521 961 3579 aut
980 3535 1065 3602 quos
1086 3523 1123 3579 ut
1146 3514 1346 3603 perlegeret,
1365 3515 1434 3582 ori·

264 3619 355 3706 gine,
388 3619 604 3701 educatione,
630 3618 767 3701 studiis,
796 3618 946 3708 suscepti
976 3619 1090 3708 operis
1114 3642 1239 3706 genere
1263 3620 1431 3688 adductus

264 3735 328 3805 est,
352 3725 414 3793 sed
438 3727 542 3793 etiam
562 3725 757 3815 complures
779 3747 865 3816 quos
886 3725 1015 3794 omisit.
1036 3726 1217 3808 Praeterea,
1236 3727 1294 3817 qui
1309 3739 1430 3818 gentes

264 3831 535 3922 descripserunt,
562 3841 600 3900 ut
627 3832 750 3922 cuique
781 3842 840 3899 aut
866 3831 910 3899 ad
934 3855 1016 3899 vera
1041 3842 1100 3899 aut
1124 3833 1166 3900 ad
1188 3834 1267 3901 ficta
1288 3857 1435 3923 pronum

233 3980 236 3987 -
265 3939 328 4005 luit
356 3938 539 4028 ingenium
569 3948 671 4031 atque
703 3940 780 4028 plus
808 3939 969 4006 minusve
999 3940 1171 4007 facultatis
1203 3963 1361 4030 curaeque
1392 3940 1433 4008 ad

265 4045 450 4135 conspicua
464 4046 713 4136 perspicienda,
726 4044 933 4136 indaganda,
952 4047 1115 4130 notanda,
1135 4046 1270 4115 diversa
1284 4048 1434 4115 tradide-

264 4161 355 4221 runt.
379 4153 624 4238 Quamobrem,
643 4152 672 4220 si
689 4151 765 4243 quis
792 4152 889 4219 locus
910 4175 951 4218 ex
967 4153 1142 4221 Ammiani
1163 4153 1434 4244 digressionibus

265 4259 347 4326 mihi
361 4270 518 4328 occurrat
526 4260 568 4327 ad
579 4260 764 4352 quemdam
777 4257 981 4348 scriptorem
994 4282 1107 4350 neque
1119 4260 1162 4327 ad
1173 4260 1279 4329 alium
1288 4263 1433 4329 releren-

265 4366 340 4448 dus,
352 4366 444 4435 hunc
461 4390 503 4434 ex
513 4367 617 4456 hujus
630 4366 718 4434 libro
730 4365 916 4434 oriundum
926 4364 1052 4433 habere
1069 4367 1182 4435 liceat.
1202 4367 1340 4449 Quodsi
1354 4390 1438 4435 vero

266 4474 448 4562 quemdam
464 4474 577 4542 locum
598 4496 676 4541 cum
694 4473 790 4540 nullo
809 4481 1000 4540 ceterorum
1022 4475 1228 4563 scriptorum
1242 4497 1436 4563 congruen-

301 4705 320 4749 t.
339 4703 384 4752 Die
395 4703 618 4768 peoorapbtacben
634 4703 743 4766 Ouellcn
760 4704 901 4765 Ammiano,
918 4718 944 4768 p.
961 4705 975 4754 c
992 4708 1091 4770 etseq.
